%YAML 1.1
%TAG !u! tag:unity3d.com,2011:
--- !u!29 &1
OcclusionCullingSettings:
  m_ObjectHideFlags: 0
  serializedVersion: 2
  m_OcclusionBakeSettings:
    smallestOccluder: 5
    smallestHole: 0.25
    backfaceThreshold: 100
  m_SceneGUID: 00000000000000000000000000000000
  m_OcclusionCullingData: {fileID: 0}
--- !u!104 &2
RenderSettings:
  m_ObjectHideFlags: 0
  serializedVersion: 7
  m_Fog: 0
  m_FogColor: {r: 0.5, g: 0.5, b: 0.5, a: 1}
  m_FogMode: 3
  m_FogDensity: 0.01
  m_LinearFogStart: 0
  m_LinearFogEnd: 300
  m_AmbientSkyColor: {r: 0.212, g: 0.227, b: 0.259, a: 1}
  m_AmbientEquatorColor: {r: 0.114, g: 0.125, b: 0.133, a: 1}
  m_AmbientGroundColor: {r: 0.047, g: 0.043, b: 0.035, a: 1}
  m_AmbientIntensity: 1
  m_AmbientMode: 0
  m_SkyboxMaterial: {fileID: 10304, guid: 0000000000000000f000000000000000, type: 0}
  m_HaloStrength: 0.5
  m_FlareStrength: 1
  m_FlareFadeSpeed: 3
  m_HaloTexture: {fileID: 0}
  m_SpotCookie: {fileID: 10001, guid: 0000000000000000e000000000000000, type: 0}
  m_DefaultReflectionMode: 0
  m_DefaultReflectionResolution: 128
  m_ReflectionBounces: 1
  m_ReflectionIntensity: 1
  m_CustomReflection: {fileID: 0}
  m_Sun: {fileID: 0}
  m_IndirectSpecularColor: {r: 0.44657832, g: 0.49641216, b: 0.5748164, a: 1}
--- !u!157 &3
LightmapSettings:
  m_ObjectHideFlags: 0
  serializedVersion: 7
  m_GIWorkflowMode: 0
  m_GISettings:
    serializedVersion: 2
    m_BounceScale: 1
    m_IndirectOutputScale: 1
    m_AlbedoBoost: 1
    m_TemporalCoherenceThreshold: 1
    m_EnvironmentLightingMode: 0
    m_EnableBakedLightmaps: 1
    m_EnableRealtimeLightmaps: 1
  m_LightmapEditorSettings:
    serializedVersion: 4
    m_Resolution: 2
    m_BakeResolution: 40
    m_TextureWidth: 1024
    m_TextureHeight: 1024
    m_AO: 0
    m_AOMaxDistance: 1
    m_CompAOExponent: 0
    m_CompAOExponentDirect: 0
    m_Padding: 2
    m_LightmapParameters: {fileID: 0}
    m_LightmapsBakeMode: 1
    m_TextureCompression: 1
    m_DirectLightInLightProbes: 1
    m_FinalGather: 0
    m_FinalGatherFiltering: 1
    m_FinalGatherRayCount: 1024
    m_ReflectionCompression: 2
  m_LightingDataAsset: {fileID: 0}
  m_RuntimeCPUUsage: 25
--- !u!196 &4
NavMeshSettings:
  serializedVersion: 2
  m_ObjectHideFlags: 0
  m_BuildSettings:
    serializedVersion: 2
    agentTypeID: 0
    agentRadius: 0.5
    agentHeight: 2
    agentSlope: 45
    agentClimb: 0.4
    ledgeDropHeight: 0
    maxJumpAcrossDistance: 0
    minRegionArea: 2
    manualCellSize: 0
    cellSize: 0.16666667
    accuratePlacement: 0
  m_NavMeshData: {fileID: 0}
--- !u!1001 &36567854
Prefab:
  m_ObjectHideFlags: 0
  serializedVersion: 2
  m_Modification:
    m_TransformParent: {fileID: 850468931}
    m_Modifications:
    - target: {fileID: 439698, guid: 7df12b3137af24048afe188ff6dbd3f0, type: 2}
      propertyPath: m_LocalPosition.x
      value: 3
      objectReference: {fileID: 0}
    - target: {fileID: 439698, guid: 7df12b3137af24048afe188ff6dbd3f0, type: 2}
      propertyPath: m_LocalPosition.y
      value: 0
      objectReference: {fileID: 0}
    - target: {fileID: 439698, guid: 7df12b3137af24048afe188ff6dbd3f0, type: 2}
      propertyPath: m_LocalPosition.z
      value: -1
      objectReference: {fileID: 0}
    - target: {fileID: 439698, guid: 7df12b3137af24048afe188ff6dbd3f0, type: 2}
      propertyPath: m_LocalRotation.x
      value: 0
      objectReference: {fileID: 0}
    - target: {fileID: 439698, guid: 7df12b3137af24048afe188ff6dbd3f0, type: 2}
      propertyPath: m_LocalRotation.y
      value: 0
      objectReference: {fileID: 0}
    - target: {fileID: 439698, guid: 7df12b3137af24048afe188ff6dbd3f0, type: 2}
      propertyPath: m_LocalRotation.z
      value: 0
      objectReference: {fileID: 0}
    - target: {fileID: 439698, guid: 7df12b3137af24048afe188ff6dbd3f0, type: 2}
      propertyPath: m_LocalRotation.w
      value: 1
      objectReference: {fileID: 0}
    - target: {fileID: 439698, guid: 7df12b3137af24048afe188ff6dbd3f0, type: 2}
      propertyPath: m_RootOrder
      value: 3
      objectReference: {fileID: 0}
    - target: {fileID: 143440, guid: 7df12b3137af24048afe188ff6dbd3f0, type: 2}
      propertyPath: m_Name
      value: FloorPiece
      objectReference: {fileID: 0}
    m_RemovedComponents: []
  m_ParentPrefab: {fileID: 100100000, guid: 7df12b3137af24048afe188ff6dbd3f0, type: 2}
  m_IsPrefabParent: 0
--- !u!1001 &129321521
Prefab:
  m_ObjectHideFlags: 0
  serializedVersion: 2
  m_Modification:
    m_TransformParent: {fileID: 850468931}
    m_Modifications:
    - target: {fileID: 439698, guid: 7df12b3137af24048afe188ff6dbd3f0, type: 2}
      propertyPath: m_LocalPosition.x
      value: 6
      objectReference: {fileID: 0}
    - target: {fileID: 439698, guid: 7df12b3137af24048afe188ff6dbd3f0, type: 2}
      propertyPath: m_LocalPosition.y
      value: 0
      objectReference: {fileID: 0}
    - target: {fileID: 439698, guid: 7df12b3137af24048afe188ff6dbd3f0, type: 2}
      propertyPath: m_LocalPosition.z
      value: 0
      objectReference: {fileID: 0}
    - target: {fileID: 439698, guid: 7df12b3137af24048afe188ff6dbd3f0, type: 2}
      propertyPath: m_LocalRotation.x
      value: 0
      objectReference: {fileID: 0}
    - target: {fileID: 439698, guid: 7df12b3137af24048afe188ff6dbd3f0, type: 2}
      propertyPath: m_LocalRotation.y
      value: 0
      objectReference: {fileID: 0}
    - target: {fileID: 439698, guid: 7df12b3137af24048afe188ff6dbd3f0, type: 2}
      propertyPath: m_LocalRotation.z
      value: 0
      objectReference: {fileID: 0}
    - target: {fileID: 439698, guid: 7df12b3137af24048afe188ff6dbd3f0, type: 2}
      propertyPath: m_LocalRotation.w
      value: 1
      objectReference: {fileID: 0}
    - target: {fileID: 439698, guid: 7df12b3137af24048afe188ff6dbd3f0, type: 2}
      propertyPath: m_RootOrder
      value: 30
      objectReference: {fileID: 0}
    - target: {fileID: 143440, guid: 7df12b3137af24048afe188ff6dbd3f0, type: 2}
      propertyPath: m_Name
      value: FloorPiece (1)
      objectReference: {fileID: 0}
    m_RemovedComponents: []
  m_ParentPrefab: {fileID: 100100000, guid: 7df12b3137af24048afe188ff6dbd3f0, type: 2}
  m_IsPrefabParent: 0
--- !u!1001 &304315014
Prefab:
  m_ObjectHideFlags: 0
  serializedVersion: 2
  m_Modification:
    m_TransformParent: {fileID: 850468931}
    m_Modifications:
    - target: {fileID: 439698, guid: 7df12b3137af24048afe188ff6dbd3f0, type: 2}
      propertyPath: m_LocalPosition.x
      value: 4
      objectReference: {fileID: 0}
    - target: {fileID: 439698, guid: 7df12b3137af24048afe188ff6dbd3f0, type: 2}
      propertyPath: m_LocalPosition.y
      value: 0
      objectReference: {fileID: 0}
    - target: {fileID: 439698, guid: 7df12b3137af24048afe188ff6dbd3f0, type: 2}
      propertyPath: m_LocalPosition.z
      value: -2
      objectReference: {fileID: 0}
    - target: {fileID: 439698, guid: 7df12b3137af24048afe188ff6dbd3f0, type: 2}
      propertyPath: m_LocalRotation.x
      value: 0
      objectReference: {fileID: 0}
    - target: {fileID: 439698, guid: 7df12b3137af24048afe188ff6dbd3f0, type: 2}
      propertyPath: m_LocalRotation.y
      value: 0
      objectReference: {fileID: 0}
    - target: {fileID: 439698, guid: 7df12b3137af24048afe188ff6dbd3f0, type: 2}
      propertyPath: m_LocalRotation.z
      value: 0
      objectReference: {fileID: 0}
    - target: {fileID: 439698, guid: 7df12b3137af24048afe188ff6dbd3f0, type: 2}
      propertyPath: m_LocalRotation.w
      value: 1
      objectReference: {fileID: 0}
    - target: {fileID: 439698, guid: 7df12b3137af24048afe188ff6dbd3f0, type: 2}
      propertyPath: m_RootOrder
      value: 7
      objectReference: {fileID: 0}
    - target: {fileID: 143440, guid: 7df12b3137af24048afe188ff6dbd3f0, type: 2}
      propertyPath: m_Name
      value: FloorPiece
      objectReference: {fileID: 0}
    m_RemovedComponents: []
  m_ParentPrefab: {fileID: 100100000, guid: 7df12b3137af24048afe188ff6dbd3f0, type: 2}
  m_IsPrefabParent: 0
--- !u!1001 &466577112
Prefab:
  m_ObjectHideFlags: 0
  serializedVersion: 2
  m_Modification:
    m_TransformParent: {fileID: 850468931}
    m_Modifications:
    - target: {fileID: 439698, guid: 7df12b3137af24048afe188ff6dbd3f0, type: 2}
      propertyPath: m_LocalPosition.x
      value: 5
      objectReference: {fileID: 0}
    - target: {fileID: 439698, guid: 7df12b3137af24048afe188ff6dbd3f0, type: 2}
      propertyPath: m_LocalPosition.y
      value: 0
      objectReference: {fileID: 0}
    - target: {fileID: 439698, guid: 7df12b3137af24048afe188ff6dbd3f0, type: 2}
      propertyPath: m_LocalPosition.z
      value: 2
      objectReference: {fileID: 0}
    - target: {fileID: 439698, guid: 7df12b3137af24048afe188ff6dbd3f0, type: 2}
      propertyPath: m_LocalRotation.x
      value: 0
      objectReference: {fileID: 0}
    - target: {fileID: 439698, guid: 7df12b3137af24048afe188ff6dbd3f0, type: 2}
      propertyPath: m_LocalRotation.y
      value: 0
      objectReference: {fileID: 0}
    - target: {fileID: 439698, guid: 7df12b3137af24048afe188ff6dbd3f0, type: 2}
      propertyPath: m_LocalRotation.z
      value: 0
      objectReference: {fileID: 0}
    - target: {fileID: 439698, guid: 7df12b3137af24048afe188ff6dbd3f0, type: 2}
      propertyPath: m_LocalRotation.w
      value: 1
      objectReference: {fileID: 0}
    - target: {fileID: 439698, guid: 7df12b3137af24048afe188ff6dbd3f0, type: 2}
      propertyPath: m_RootOrder
      value: 12
      objectReference: {fileID: 0}
    - target: {fileID: 143440, guid: 7df12b3137af24048afe188ff6dbd3f0, type: 2}
      propertyPath: m_Name
      value: FloorPiece
      objectReference: {fileID: 0}
    m_RemovedComponents: []
  m_ParentPrefab: {fileID: 100100000, guid: 7df12b3137af24048afe188ff6dbd3f0, type: 2}
  m_IsPrefabParent: 0
--- !u!1001 &523081121
Prefab:
  m_ObjectHideFlags: 0
  serializedVersion: 2
  m_Modification:
    m_TransformParent: {fileID: 850468931}
    m_Modifications:
    - target: {fileID: 439698, guid: 7df12b3137af24048afe188ff6dbd3f0, type: 2}
      propertyPath: m_LocalPosition.x
      value: 2
      objectReference: {fileID: 0}
    - target: {fileID: 439698, guid: 7df12b3137af24048afe188ff6dbd3f0, type: 2}
      propertyPath: m_LocalPosition.y
      value: 0
      objectReference: {fileID: 0}
    - target: {fileID: 439698, guid: 7df12b3137af24048afe188ff6dbd3f0, type: 2}
      propertyPath: m_LocalPosition.z
      value: -2
      objectReference: {fileID: 0}
    - target: {fileID: 439698, guid: 7df12b3137af24048afe188ff6dbd3f0, type: 2}
      propertyPath: m_LocalRotation.x
      value: 0
      objectReference: {fileID: 0}
    - target: {fileID: 439698, guid: 7df12b3137af24048afe188ff6dbd3f0, type: 2}
      propertyPath: m_LocalRotation.y
      value: 0
      objectReference: {fileID: 0}
    - target: {fileID: 439698, guid: 7df12b3137af24048afe188ff6dbd3f0, type: 2}
      propertyPath: m_LocalRotation.z
      value: 0
      objectReference: {fileID: 0}
    - target: {fileID: 439698, guid: 7df12b3137af24048afe188ff6dbd3f0, type: 2}
      propertyPath: m_LocalRotation.w
      value: 1
      objectReference: {fileID: 0}
    - target: {fileID: 439698, guid: 7df12b3137af24048afe188ff6dbd3f0, type: 2}
      propertyPath: m_RootOrder
      value: 18
      objectReference: {fileID: 0}
    - target: {fileID: 143440, guid: 7df12b3137af24048afe188ff6dbd3f0, type: 2}
      propertyPath: m_Name
      value: FloorPiece
      objectReference: {fileID: 0}
    m_RemovedComponents: []
  m_ParentPrefab: {fileID: 100100000, guid: 7df12b3137af24048afe188ff6dbd3f0, type: 2}
  m_IsPrefabParent: 0
--- !u!1001 &524636641
Prefab:
  m_ObjectHideFlags: 0
  serializedVersion: 2
  m_Modification:
    m_TransformParent: {fileID: 0}
    m_Modifications:
    - target: {fileID: 4374122972552032, guid: e82da71c693edd447bdc293d40d5370c, type: 2}
      propertyPath: m_LocalPosition.x
      value: 0
      objectReference: {fileID: 0}
    - target: {fileID: 4374122972552032, guid: e82da71c693edd447bdc293d40d5370c, type: 2}
      propertyPath: m_LocalPosition.y
      value: 0
      objectReference: {fileID: 0}
    - target: {fileID: 4374122972552032, guid: e82da71c693edd447bdc293d40d5370c, type: 2}
      propertyPath: m_LocalPosition.z
      value: 0
      objectReference: {fileID: 0}
    - target: {fileID: 4374122972552032, guid: e82da71c693edd447bdc293d40d5370c, type: 2}
      propertyPath: m_LocalRotation.x
      value: -0
      objectReference: {fileID: 0}
    - target: {fileID: 4374122972552032, guid: e82da71c693edd447bdc293d40d5370c, type: 2}
      propertyPath: m_LocalRotation.y
      value: -0
      objectReference: {fileID: 0}
    - target: {fileID: 4374122972552032, guid: e82da71c693edd447bdc293d40d5370c, type: 2}
      propertyPath: m_LocalRotation.z
      value: -0
      objectReference: {fileID: 0}
    - target: {fileID: 4374122972552032, guid: e82da71c693edd447bdc293d40d5370c, type: 2}
      propertyPath: m_LocalRotation.w
      value: 1
      objectReference: {fileID: 0}
    - target: {fileID: 4374122972552032, guid: e82da71c693edd447bdc293d40d5370c, type: 2}
      propertyPath: m_RootOrder
      value: 2
      objectReference: {fileID: 0}
    m_RemovedComponents: []
  m_ParentPrefab: {fileID: 100100000, guid: e82da71c693edd447bdc293d40d5370c, type: 2}
  m_IsPrefabParent: 0
--- !u!1001 &543044787
Prefab:
  m_ObjectHideFlags: 0
  serializedVersion: 2
  m_Modification:
    m_TransformParent: {fileID: 850468931}
    m_Modifications:
    - target: {fileID: 439698, guid: 7df12b3137af24048afe188ff6dbd3f0, type: 2}
      propertyPath: m_LocalPosition.x
      value: 8
      objectReference: {fileID: 0}
    - target: {fileID: 439698, guid: 7df12b3137af24048afe188ff6dbd3f0, type: 2}
      propertyPath: m_LocalPosition.y
      value: 1
      objectReference: {fileID: 0}
    - target: {fileID: 439698, guid: 7df12b3137af24048afe188ff6dbd3f0, type: 2}
      propertyPath: m_LocalPosition.z
      value: -2
      objectReference: {fileID: 0}
    - target: {fileID: 439698, guid: 7df12b3137af24048afe188ff6dbd3f0, type: 2}
      propertyPath: m_LocalRotation.x
      value: 0
      objectReference: {fileID: 0}
    - target: {fileID: 439698, guid: 7df12b3137af24048afe188ff6dbd3f0, type: 2}
      propertyPath: m_LocalRotation.y
      value: 0
      objectReference: {fileID: 0}
    - target: {fileID: 439698, guid: 7df12b3137af24048afe188ff6dbd3f0, type: 2}
      propertyPath: m_LocalRotation.z
      value: 0
      objectReference: {fileID: 0}
    - target: {fileID: 439698, guid: 7df12b3137af24048afe188ff6dbd3f0, type: 2}
      propertyPath: m_LocalRotation.w
      value: 1
      objectReference: {fileID: 0}
    - target: {fileID: 439698, guid: 7df12b3137af24048afe188ff6dbd3f0, type: 2}
      propertyPath: m_RootOrder
      value: 14
      objectReference: {fileID: 0}
    - target: {fileID: 143440, guid: 7df12b3137af24048afe188ff6dbd3f0, type: 2}
      propertyPath: m_Name
      value: FloorPiece
      objectReference: {fileID: 0}
    m_RemovedComponents: []
  m_ParentPrefab: {fileID: 100100000, guid: 7df12b3137af24048afe188ff6dbd3f0, type: 2}
  m_IsPrefabParent: 0
--- !u!1001 &569698234
Prefab:
  m_ObjectHideFlags: 0
  serializedVersion: 2
  m_Modification:
    m_TransformParent: {fileID: 850468931}
    m_Modifications:
    - target: {fileID: 439698, guid: 7df12b3137af24048afe188ff6dbd3f0, type: 2}
      propertyPath: m_LocalPosition.x
      value: 7
      objectReference: {fileID: 0}
    - target: {fileID: 439698, guid: 7df12b3137af24048afe188ff6dbd3f0, type: 2}
      propertyPath: m_LocalPosition.y
      value: 0
      objectReference: {fileID: 0}
    - target: {fileID: 439698, guid: 7df12b3137af24048afe188ff6dbd3f0, type: 2}
      propertyPath: m_LocalPosition.z
      value: 2
      objectReference: {fileID: 0}
    - target: {fileID: 439698, guid: 7df12b3137af24048afe188ff6dbd3f0, type: 2}
      propertyPath: m_LocalRotation.x
      value: 0
      objectReference: {fileID: 0}
    - target: {fileID: 439698, guid: 7df12b3137af24048afe188ff6dbd3f0, type: 2}
      propertyPath: m_LocalRotation.y
      value: 0
      objectReference: {fileID: 0}
    - target: {fileID: 439698, guid: 7df12b3137af24048afe188ff6dbd3f0, type: 2}
      propertyPath: m_LocalRotation.z
      value: 0
      objectReference: {fileID: 0}
    - target: {fileID: 439698, guid: 7df12b3137af24048afe188ff6dbd3f0, type: 2}
      propertyPath: m_LocalRotation.w
      value: 1
      objectReference: {fileID: 0}
    - target: {fileID: 439698, guid: 7df12b3137af24048afe188ff6dbd3f0, type: 2}
      propertyPath: m_RootOrder
      value: 17
      objectReference: {fileID: 0}
    - target: {fileID: 143440, guid: 7df12b3137af24048afe188ff6dbd3f0, type: 2}
      propertyPath: m_Name
      value: FloorPiece
      objectReference: {fileID: 0}
    m_RemovedComponents: []
  m_ParentPrefab: {fileID: 100100000, guid: 7df12b3137af24048afe188ff6dbd3f0, type: 2}
  m_IsPrefabParent: 0
--- !u!1001 &685721473
Prefab:
  m_ObjectHideFlags: 0
  serializedVersion: 2
  m_Modification:
    m_TransformParent: {fileID: 850468931}
    m_Modifications:
    - target: {fileID: 439698, guid: 7df12b3137af24048afe188ff6dbd3f0, type: 2}
      propertyPath: m_LocalPosition.x
      value: 4
      objectReference: {fileID: 0}
    - target: {fileID: 439698, guid: 7df12b3137af24048afe188ff6dbd3f0, type: 2}
      propertyPath: m_LocalPosition.y
      value: 0
      objectReference: {fileID: 0}
    - target: {fileID: 439698, guid: 7df12b3137af24048afe188ff6dbd3f0, type: 2}
      propertyPath: m_LocalPosition.z
      value: 2
      objectReference: {fileID: 0}
    - target: {fileID: 439698, guid: 7df12b3137af24048afe188ff6dbd3f0, type: 2}
      propertyPath: m_LocalRotation.x
      value: 0
      objectReference: {fileID: 0}
    - target: {fileID: 439698, guid: 7df12b3137af24048afe188ff6dbd3f0, type: 2}
      propertyPath: m_LocalRotation.y
      value: 0
      objectReference: {fileID: 0}
    - target: {fileID: 439698, guid: 7df12b3137af24048afe188ff6dbd3f0, type: 2}
      propertyPath: m_LocalRotation.z
      value: 0
      objectReference: {fileID: 0}
    - target: {fileID: 439698, guid: 7df12b3137af24048afe188ff6dbd3f0, type: 2}
      propertyPath: m_LocalRotation.w
      value: 1
      objectReference: {fileID: 0}
    - target: {fileID: 439698, guid: 7df12b3137af24048afe188ff6dbd3f0, type: 2}
      propertyPath: m_RootOrder
      value: 13
      objectReference: {fileID: 0}
    - target: {fileID: 143440, guid: 7df12b3137af24048afe188ff6dbd3f0, type: 2}
      propertyPath: m_Name
      value: FloorPiece
      objectReference: {fileID: 0}
    m_RemovedComponents: []
  m_ParentPrefab: {fileID: 100100000, guid: 7df12b3137af24048afe188ff6dbd3f0, type: 2}
  m_IsPrefabParent: 0
--- !u!1001 &771266376
Prefab:
  m_ObjectHideFlags: 0
  serializedVersion: 2
  m_Modification:
    m_TransformParent: {fileID: 850468931}
    m_Modifications:
    - target: {fileID: 473968, guid: 70941f3ab44a5de49a1dfe4aea421dca, type: 2}
      propertyPath: m_LocalPosition.x
      value: 2
      objectReference: {fileID: 0}
    - target: {fileID: 473968, guid: 70941f3ab44a5de49a1dfe4aea421dca, type: 2}
      propertyPath: m_LocalPosition.y
      value: 1
      objectReference: {fileID: 0}
    - target: {fileID: 473968, guid: 70941f3ab44a5de49a1dfe4aea421dca, type: 2}
      propertyPath: m_LocalPosition.z
      value: 2
      objectReference: {fileID: 0}
    - target: {fileID: 473968, guid: 70941f3ab44a5de49a1dfe4aea421dca, type: 2}
      propertyPath: m_LocalRotation.x
      value: 0
      objectReference: {fileID: 0}
    - target: {fileID: 473968, guid: 70941f3ab44a5de49a1dfe4aea421dca, type: 2}
      propertyPath: m_LocalRotation.y
      value: 0.7071068
      objectReference: {fileID: 0}
    - target: {fileID: 473968, guid: 70941f3ab44a5de49a1dfe4aea421dca, type: 2}
      propertyPath: m_LocalRotation.z
      value: 0
      objectReference: {fileID: 0}
    - target: {fileID: 473968, guid: 70941f3ab44a5de49a1dfe4aea421dca, type: 2}
      propertyPath: m_LocalRotation.w
      value: 0.7071067
      objectReference: {fileID: 0}
    - target: {fileID: 473968, guid: 70941f3ab44a5de49a1dfe4aea421dca, type: 2}
      propertyPath: m_RootOrder
      value: 25
      objectReference: {fileID: 0}
    - target: {fileID: 3300460, guid: 70941f3ab44a5de49a1dfe4aea421dca, type: 2}
      propertyPath: m_Mesh
      value: 
      objectReference: {fileID: 4300000, guid: ae228090b7d656b4284a80dc7620b75f, type: 3}
    - target: {fileID: 473968, guid: 70941f3ab44a5de49a1dfe4aea421dca, type: 2}
      propertyPath: m_LocalScale.y
      value: 1
      objectReference: {fileID: 0}
    - target: {fileID: 473968, guid: 70941f3ab44a5de49a1dfe4aea421dca, type: 2}
      propertyPath: m_LocalScale.z
      value: 1
      objectReference: {fileID: 0}
    - target: {fileID: 112714, guid: 70941f3ab44a5de49a1dfe4aea421dca, type: 2}
      propertyPath: m_Name
      value: Laser
      objectReference: {fileID: 0}
    m_RemovedComponents: []
  m_ParentPrefab: {fileID: 100100000, guid: 70941f3ab44a5de49a1dfe4aea421dca, type: 2}
  m_IsPrefabParent: 0
--- !u!1001 &772430147
Prefab:
  m_ObjectHideFlags: 0
  serializedVersion: 2
  m_Modification:
    m_TransformParent: {fileID: 850468931}
    m_Modifications:
    - target: {fileID: 439698, guid: 7df12b3137af24048afe188ff6dbd3f0, type: 2}
      propertyPath: m_LocalPosition.x
      value: 3
      objectReference: {fileID: 0}
    - target: {fileID: 439698, guid: 7df12b3137af24048afe188ff6dbd3f0, type: 2}
      propertyPath: m_LocalPosition.y
      value: 0
      objectReference: {fileID: 0}
    - target: {fileID: 439698, guid: 7df12b3137af24048afe188ff6dbd3f0, type: 2}
      propertyPath: m_LocalPosition.z
      value: 2
      objectReference: {fileID: 0}
    - target: {fileID: 439698, guid: 7df12b3137af24048afe188ff6dbd3f0, type: 2}
      propertyPath: m_LocalRotation.x
      value: 0
      objectReference: {fileID: 0}
    - target: {fileID: 439698, guid: 7df12b3137af24048afe188ff6dbd3f0, type: 2}
      propertyPath: m_LocalRotation.y
      value: 0
      objectReference: {fileID: 0}
    - target: {fileID: 439698, guid: 7df12b3137af24048afe188ff6dbd3f0, type: 2}
      propertyPath: m_LocalRotation.z
      value: 0
      objectReference: {fileID: 0}
    - target: {fileID: 439698, guid: 7df12b3137af24048afe188ff6dbd3f0, type: 2}
      propertyPath: m_LocalRotation.w
      value: 1
      objectReference: {fileID: 0}
    - target: {fileID: 439698, guid: 7df12b3137af24048afe188ff6dbd3f0, type: 2}
      propertyPath: m_RootOrder
      value: 15
      objectReference: {fileID: 0}
    - target: {fileID: 143440, guid: 7df12b3137af24048afe188ff6dbd3f0, type: 2}
      propertyPath: m_Name
      value: FloorPiece
      objectReference: {fileID: 0}
    m_RemovedComponents: []
  m_ParentPrefab: {fileID: 100100000, guid: 7df12b3137af24048afe188ff6dbd3f0, type: 2}
  m_IsPrefabParent: 0
--- !u!1001 &836555081
Prefab:
  m_ObjectHideFlags: 0
  serializedVersion: 2
  m_Modification:
    m_TransformParent: {fileID: 850468931}
    m_Modifications:
    - target: {fileID: 459338, guid: c45dfa69c7efc7c49b4547c8cc30c448, type: 2}
      propertyPath: m_LocalPosition.x
      value: 3
      objectReference: {fileID: 0}
    - target: {fileID: 459338, guid: c45dfa69c7efc7c49b4547c8cc30c448, type: 2}
      propertyPath: m_LocalPosition.y
      value: 0.35
      objectReference: {fileID: 0}
    - target: {fileID: 459338, guid: c45dfa69c7efc7c49b4547c8cc30c448, type: 2}
      propertyPath: m_LocalPosition.z
      value: 0
      objectReference: {fileID: 0}
    - target: {fileID: 459338, guid: c45dfa69c7efc7c49b4547c8cc30c448, type: 2}
      propertyPath: m_LocalRotation.x
      value: 0
      objectReference: {fileID: 0}
    - target: {fileID: 459338, guid: c45dfa69c7efc7c49b4547c8cc30c448, type: 2}
      propertyPath: m_LocalRotation.y
      value: 0
      objectReference: {fileID: 0}
    - target: {fileID: 459338, guid: c45dfa69c7efc7c49b4547c8cc30c448, type: 2}
      propertyPath: m_LocalRotation.z
      value: 0
      objectReference: {fileID: 0}
    - target: {fileID: 459338, guid: c45dfa69c7efc7c49b4547c8cc30c448, type: 2}
      propertyPath: m_LocalRotation.w
      value: 1
      objectReference: {fileID: 0}
    - target: {fileID: 459338, guid: c45dfa69c7efc7c49b4547c8cc30c448, type: 2}
      propertyPath: m_RootOrder
      value: 29
      objectReference: {fileID: 0}
    - target: {fileID: 11425306, guid: c45dfa69c7efc7c49b4547c8cc30c448, type: 2}
      propertyPath: health
      value: 1
      objectReference: {fileID: 0}
    m_RemovedComponents: []
  m_ParentPrefab: {fileID: 100100000, guid: c45dfa69c7efc7c49b4547c8cc30c448, type: 2}
  m_IsPrefabParent: 0
--- !u!4 &850468931 stripped
Transform:
  m_PrefabParentObject: {fileID: 443524, guid: c544e06eb44fab94c88d493acdcc1666, type: 2}
  m_PrefabInternal: {fileID: 2015862512}
--- !u!1001 &865810828
Prefab:
  m_ObjectHideFlags: 0
  serializedVersion: 2
  m_Modification:
    m_TransformParent: {fileID: 850468931}
    m_Modifications:
    - target: {fileID: 473968, guid: 70941f3ab44a5de49a1dfe4aea421dca, type: 2}
      propertyPath: m_LocalPosition.x
      value: 2
      objectReference: {fileID: 0}
    - target: {fileID: 473968, guid: 70941f3ab44a5de49a1dfe4aea421dca, type: 2}
      propertyPath: m_LocalPosition.y
      value: 1
      objectReference: {fileID: 0}
    - target: {fileID: 473968, guid: 70941f3ab44a5de49a1dfe4aea421dca, type: 2}
      propertyPath: m_LocalPosition.z
      value: -2
      objectReference: {fileID: 0}
    - target: {fileID: 473968, guid: 70941f3ab44a5de49a1dfe4aea421dca, type: 2}
      propertyPath: m_LocalRotation.x
      value: 0
      objectReference: {fileID: 0}
    - target: {fileID: 473968, guid: 70941f3ab44a5de49a1dfe4aea421dca, type: 2}
      propertyPath: m_LocalRotation.y
      value: 0.7071068
      objectReference: {fileID: 0}
    - target: {fileID: 473968, guid: 70941f3ab44a5de49a1dfe4aea421dca, type: 2}
      propertyPath: m_LocalRotation.z
      value: 0
      objectReference: {fileID: 0}
    - target: {fileID: 473968, guid: 70941f3ab44a5de49a1dfe4aea421dca, type: 2}
      propertyPath: m_LocalRotation.w
      value: 0.7071067
      objectReference: {fileID: 0}
    - target: {fileID: 473968, guid: 70941f3ab44a5de49a1dfe4aea421dca, type: 2}
      propertyPath: m_RootOrder
      value: 26
      objectReference: {fileID: 0}
    - target: {fileID: 3300460, guid: 70941f3ab44a5de49a1dfe4aea421dca, type: 2}
      propertyPath: m_Mesh
      value: 
      objectReference: {fileID: 4300000, guid: ae228090b7d656b4284a80dc7620b75f, type: 3}
    - target: {fileID: 473968, guid: 70941f3ab44a5de49a1dfe4aea421dca, type: 2}
      propertyPath: m_LocalScale.y
      value: 1
      objectReference: {fileID: 0}
    - target: {fileID: 473968, guid: 70941f3ab44a5de49a1dfe4aea421dca, type: 2}
      propertyPath: m_LocalScale.z
      value: 1
      objectReference: {fileID: 0}
    - target: {fileID: 112714, guid: 70941f3ab44a5de49a1dfe4aea421dca, type: 2}
      propertyPath: m_Name
      value: Laser
      objectReference: {fileID: 0}
    - target: {fileID: 473968, guid: 70941f3ab44a5de49a1dfe4aea421dca, type: 2}
      propertyPath: m_LocalScale.x
      value: 1
      objectReference: {fileID: 0}
    m_RemovedComponents: []
  m_ParentPrefab: {fileID: 100100000, guid: 70941f3ab44a5de49a1dfe4aea421dca, type: 2}
  m_IsPrefabParent: 0
--- !u!1001 &1044189129
Prefab:
  m_ObjectHideFlags: 0
  serializedVersion: 2
  m_Modification:
    m_TransformParent: {fileID: 850468931}
    m_Modifications:
    - target: {fileID: 439698, guid: 7df12b3137af24048afe188ff6dbd3f0, type: 2}
      propertyPath: m_LocalPosition.x
      value: 3
      objectReference: {fileID: 0}
    - target: {fileID: 439698, guid: 7df12b3137af24048afe188ff6dbd3f0, type: 2}
      propertyPath: m_LocalPosition.y
      value: 0
      objectReference: {fileID: 0}
    - target: {fileID: 439698, guid: 7df12b3137af24048afe188ff6dbd3f0, type: 2}
      propertyPath: m_LocalPosition.z
      value: -2
      objectReference: {fileID: 0}
    - target: {fileID: 439698, guid: 7df12b3137af24048afe188ff6dbd3f0, type: 2}
      propertyPath: m_LocalRotation.x
      value: 0
      objectReference: {fileID: 0}
    - target: {fileID: 439698, guid: 7df12b3137af24048afe188ff6dbd3f0, type: 2}
      propertyPath: m_LocalRotation.y
      value: 0
      objectReference: {fileID: 0}
    - target: {fileID: 439698, guid: 7df12b3137af24048afe188ff6dbd3f0, type: 2}
      propertyPath: m_LocalRotation.z
      value: 0
      objectReference: {fileID: 0}
    - target: {fileID: 439698, guid: 7df12b3137af24048afe188ff6dbd3f0, type: 2}
      propertyPath: m_LocalRotation.w
      value: 1
      objectReference: {fileID: 0}
    - target: {fileID: 439698, guid: 7df12b3137af24048afe188ff6dbd3f0, type: 2}
      propertyPath: m_RootOrder
      value: 6
      objectReference: {fileID: 0}
    - target: {fileID: 143440, guid: 7df12b3137af24048afe188ff6dbd3f0, type: 2}
      propertyPath: m_Name
      value: FloorPiece
      objectReference: {fileID: 0}
    m_RemovedComponents: []
  m_ParentPrefab: {fileID: 100100000, guid: 7df12b3137af24048afe188ff6dbd3f0, type: 2}
  m_IsPrefabParent: 0
--- !u!1001 &1087145427
Prefab:
  m_ObjectHideFlags: 0
  serializedVersion: 2
  m_Modification:
    m_TransformParent: {fileID: 850468931}
    m_Modifications:
    - target: {fileID: 439698, guid: 7df12b3137af24048afe188ff6dbd3f0, type: 2}
      propertyPath: m_LocalPosition.x
      value: 1
      objectReference: {fileID: 0}
    - target: {fileID: 439698, guid: 7df12b3137af24048afe188ff6dbd3f0, type: 2}
      propertyPath: m_LocalPosition.y
      value: 0
      objectReference: {fileID: 0}
    - target: {fileID: 439698, guid: 7df12b3137af24048afe188ff6dbd3f0, type: 2}
      propertyPath: m_LocalPosition.z
      value: 0
      objectReference: {fileID: 0}
    - target: {fileID: 439698, guid: 7df12b3137af24048afe188ff6dbd3f0, type: 2}
      propertyPath: m_LocalRotation.x
      value: 0
      objectReference: {fileID: 0}
    - target: {fileID: 439698, guid: 7df12b3137af24048afe188ff6dbd3f0, type: 2}
      propertyPath: m_LocalRotation.y
      value: 0
      objectReference: {fileID: 0}
    - target: {fileID: 439698, guid: 7df12b3137af24048afe188ff6dbd3f0, type: 2}
      propertyPath: m_LocalRotation.z
      value: 0
      objectReference: {fileID: 0}
    - target: {fileID: 439698, guid: 7df12b3137af24048afe188ff6dbd3f0, type: 2}
      propertyPath: m_LocalRotation.w
      value: 1
      objectReference: {fileID: 0}
    - target: {fileID: 439698, guid: 7df12b3137af24048afe188ff6dbd3f0, type: 2}
      propertyPath: m_RootOrder
      value: 5
      objectReference: {fileID: 0}
    - target: {fileID: 143440, guid: 7df12b3137af24048afe188ff6dbd3f0, type: 2}
      propertyPath: m_Name
      value: FloorPiece
      objectReference: {fileID: 0}
    m_RemovedComponents: []
  m_ParentPrefab: {fileID: 100100000, guid: 7df12b3137af24048afe188ff6dbd3f0, type: 2}
  m_IsPrefabParent: 0
--- !u!1001 &1107839330
Prefab:
  m_ObjectHideFlags: 0
  serializedVersion: 2
  m_Modification:
    m_TransformParent: {fileID: 850468931}
    m_Modifications:
    - target: {fileID: 457880, guid: 238945ab5fea011449aaeb4abf9696f3, type: 2}
      propertyPath: m_LocalPosition.x
      value: 2
      objectReference: {fileID: 0}
    - target: {fileID: 457880, guid: 238945ab5fea011449aaeb4abf9696f3, type: 2}
      propertyPath: m_LocalPosition.y
      value: 0.5
      objectReference: {fileID: 0}
    - target: {fileID: 457880, guid: 238945ab5fea011449aaeb4abf9696f3, type: 2}
      propertyPath: m_LocalPosition.z
      value: 0
      objectReference: {fileID: 0}
    - target: {fileID: 457880, guid: 238945ab5fea011449aaeb4abf9696f3, type: 2}
      propertyPath: m_LocalRotation.x
      value: 0
      objectReference: {fileID: 0}
    - target: {fileID: 457880, guid: 238945ab5fea011449aaeb4abf9696f3, type: 2}
      propertyPath: m_LocalRotation.y
      value: 0
      objectReference: {fileID: 0}
    - target: {fileID: 457880, guid: 238945ab5fea011449aaeb4abf9696f3, type: 2}
      propertyPath: m_LocalRotation.z
      value: 0
      objectReference: {fileID: 0}
    - target: {fileID: 457880, guid: 238945ab5fea011449aaeb4abf9696f3, type: 2}
      propertyPath: m_LocalRotation.w
      value: 1
      objectReference: {fileID: 0}
    - target: {fileID: 457880, guid: 238945ab5fea011449aaeb4abf9696f3, type: 2}
      propertyPath: m_RootOrder
      value: 28
      objectReference: {fileID: 0}
    m_RemovedComponents:
    - {fileID: 0}
  m_ParentPrefab: {fileID: 100100000, guid: 238945ab5fea011449aaeb4abf9696f3, type: 2}
  m_IsPrefabParent: 0
--- !u!1001 &1160535131
Prefab:
  m_ObjectHideFlags: 0
  serializedVersion: 2
  m_Modification:
    m_TransformParent: {fileID: 850468931}
    m_Modifications:
    - target: {fileID: 473968, guid: 70941f3ab44a5de49a1dfe4aea421dca, type: 2}
      propertyPath: m_LocalPosition.x
      value: 5
      objectReference: {fileID: 0}
    - target: {fileID: 473968, guid: 70941f3ab44a5de49a1dfe4aea421dca, type: 2}
      propertyPath: m_LocalPosition.y
      value: 4
      objectReference: {fileID: 0}
    - target: {fileID: 473968, guid: 70941f3ab44a5de49a1dfe4aea421dca, type: 2}
      propertyPath: m_LocalPosition.z
      value: 0
      objectReference: {fileID: 0}
    - target: {fileID: 473968, guid: 70941f3ab44a5de49a1dfe4aea421dca, type: 2}
      propertyPath: m_LocalRotation.x
      value: -0.000000115202326
      objectReference: {fileID: 0}
    - target: {fileID: 473968, guid: 70941f3ab44a5de49a1dfe4aea421dca, type: 2}
      propertyPath: m_LocalRotation.y
      value: -0.7071067
      objectReference: {fileID: 0}
    - target: {fileID: 473968, guid: 70941f3ab44a5de49a1dfe4aea421dca, type: 2}
      propertyPath: m_LocalRotation.z
      value: 0.7071068
      objectReference: {fileID: 0}
    - target: {fileID: 473968, guid: 70941f3ab44a5de49a1dfe4aea421dca, type: 2}
      propertyPath: m_LocalRotation.w
      value: -0.00000011520231
      objectReference: {fileID: 0}
    - target: {fileID: 473968, guid: 70941f3ab44a5de49a1dfe4aea421dca, type: 2}
      propertyPath: m_RootOrder
      value: 27
      objectReference: {fileID: 0}
    - target: {fileID: 3300460, guid: 70941f3ab44a5de49a1dfe4aea421dca, type: 2}
      propertyPath: m_Mesh
      value: 
      objectReference: {fileID: 4300000, guid: ae228090b7d656b4284a80dc7620b75f, type: 3}
    m_RemovedComponents: []
  m_ParentPrefab: {fileID: 100100000, guid: 70941f3ab44a5de49a1dfe4aea421dca, type: 2}
  m_IsPrefabParent: 0
--- !u!1001 &1188737423
Prefab:
  m_ObjectHideFlags: 0
  serializedVersion: 2
  m_Modification:
    m_TransformParent: {fileID: 850468931}
    m_Modifications:
    - target: {fileID: 439698, guid: 7df12b3137af24048afe188ff6dbd3f0, type: 2}
      propertyPath: m_LocalPosition.x
      value: 5
      objectReference: {fileID: 0}
    - target: {fileID: 439698, guid: 7df12b3137af24048afe188ff6dbd3f0, type: 2}
      propertyPath: m_LocalPosition.y
      value: 0
      objectReference: {fileID: 0}
    - target: {fileID: 439698, guid: 7df12b3137af24048afe188ff6dbd3f0, type: 2}
      propertyPath: m_LocalPosition.z
      value: -2
      objectReference: {fileID: 0}
    - target: {fileID: 439698, guid: 7df12b3137af24048afe188ff6dbd3f0, type: 2}
      propertyPath: m_LocalRotation.x
      value: 0
      objectReference: {fileID: 0}
    - target: {fileID: 439698, guid: 7df12b3137af24048afe188ff6dbd3f0, type: 2}
      propertyPath: m_LocalRotation.y
      value: 0
      objectReference: {fileID: 0}
    - target: {fileID: 439698, guid: 7df12b3137af24048afe188ff6dbd3f0, type: 2}
      propertyPath: m_LocalRotation.z
      value: 0
      objectReference: {fileID: 0}
    - target: {fileID: 439698, guid: 7df12b3137af24048afe188ff6dbd3f0, type: 2}
      propertyPath: m_LocalRotation.w
      value: 1
      objectReference: {fileID: 0}
    - target: {fileID: 439698, guid: 7df12b3137af24048afe188ff6dbd3f0, type: 2}
      propertyPath: m_RootOrder
      value: 8
      objectReference: {fileID: 0}
    - target: {fileID: 143440, guid: 7df12b3137af24048afe188ff6dbd3f0, type: 2}
      propertyPath: m_Name
      value: FloorPiece
      objectReference: {fileID: 0}
    m_RemovedComponents: []
  m_ParentPrefab: {fileID: 100100000, guid: 7df12b3137af24048afe188ff6dbd3f0, type: 2}
  m_IsPrefabParent: 0
--- !u!1001 &1223776946
Prefab:
  m_ObjectHideFlags: 0
  serializedVersion: 2
  m_Modification:
    m_TransformParent: {fileID: 850468931}
    m_Modifications:
    - target: {fileID: 439698, guid: 7df12b3137af24048afe188ff6dbd3f0, type: 2}
      propertyPath: m_LocalPosition.x
      value: 8
      objectReference: {fileID: 0}
    - target: {fileID: 439698, guid: 7df12b3137af24048afe188ff6dbd3f0, type: 2}
      propertyPath: m_LocalPosition.y
      value: 1
      objectReference: {fileID: 0}
    - target: {fileID: 439698, guid: 7df12b3137af24048afe188ff6dbd3f0, type: 2}
      propertyPath: m_LocalPosition.z
      value: 2
      objectReference: {fileID: 0}
    - target: {fileID: 439698, guid: 7df12b3137af24048afe188ff6dbd3f0, type: 2}
      propertyPath: m_LocalRotation.x
      value: 0
      objectReference: {fileID: 0}
    - target: {fileID: 439698, guid: 7df12b3137af24048afe188ff6dbd3f0, type: 2}
      propertyPath: m_LocalRotation.y
      value: 0
      objectReference: {fileID: 0}
    - target: {fileID: 439698, guid: 7df12b3137af24048afe188ff6dbd3f0, type: 2}
      propertyPath: m_LocalRotation.z
      value: 0
      objectReference: {fileID: 0}
    - target: {fileID: 439698, guid: 7df12b3137af24048afe188ff6dbd3f0, type: 2}
      propertyPath: m_LocalRotation.w
      value: 1
      objectReference: {fileID: 0}
    - target: {fileID: 439698, guid: 7df12b3137af24048afe188ff6dbd3f0, type: 2}
      propertyPath: m_RootOrder
      value: 22
      objectReference: {fileID: 0}
    - target: {fileID: 143440, guid: 7df12b3137af24048afe188ff6dbd3f0, type: 2}
      propertyPath: m_Name
      value: FloorPiece
      objectReference: {fileID: 0}
    m_RemovedComponents: []
  m_ParentPrefab: {fileID: 100100000, guid: 7df12b3137af24048afe188ff6dbd3f0, type: 2}
  m_IsPrefabParent: 0
--- !u!1001 &1303458181
Prefab:
  m_ObjectHideFlags: 0
  serializedVersion: 2
  m_Modification:
    m_TransformParent: {fileID: 850468931}
    m_Modifications:
    - target: {fileID: 408492, guid: 2ccd48327a0b71a4baf61fb826aa5c1a, type: 2}
      propertyPath: m_LocalPosition.x
      value: 0
      objectReference: {fileID: 0}
    - target: {fileID: 408492, guid: 2ccd48327a0b71a4baf61fb826aa5c1a, type: 2}
      propertyPath: m_LocalPosition.y
      value: 0
      objectReference: {fileID: 0}
    - target: {fileID: 408492, guid: 2ccd48327a0b71a4baf61fb826aa5c1a, type: 2}
      propertyPath: m_LocalPosition.z
      value: 0
      objectReference: {fileID: 0}
    - target: {fileID: 408492, guid: 2ccd48327a0b71a4baf61fb826aa5c1a, type: 2}
      propertyPath: m_LocalRotation.x
      value: 0
      objectReference: {fileID: 0}
    - target: {fileID: 408492, guid: 2ccd48327a0b71a4baf61fb826aa5c1a, type: 2}
      propertyPath: m_LocalRotation.y
      value: 0
      objectReference: {fileID: 0}
    - target: {fileID: 408492, guid: 2ccd48327a0b71a4baf61fb826aa5c1a, type: 2}
      propertyPath: m_LocalRotation.z
      value: 0
      objectReference: {fileID: 0}
    - target: {fileID: 408492, guid: 2ccd48327a0b71a4baf61fb826aa5c1a, type: 2}
      propertyPath: m_LocalRotation.w
      value: 1
      objectReference: {fileID: 0}
    - target: {fileID: 408492, guid: 2ccd48327a0b71a4baf61fb826aa5c1a, type: 2}
      propertyPath: m_RootOrder
      value: 24
      objectReference: {fileID: 0}
    m_RemovedComponents: []
  m_ParentPrefab: {fileID: 100100000, guid: 2ccd48327a0b71a4baf61fb826aa5c1a, type: 2}
  m_IsPrefabParent: 0
--- !u!1001 &1307714056
Prefab:
  m_ObjectHideFlags: 0
  serializedVersion: 2
  m_Modification:
    m_TransformParent: {fileID: 850468931}
    m_Modifications:
    - target: {fileID: 439698, guid: 7df12b3137af24048afe188ff6dbd3f0, type: 2}
      propertyPath: m_LocalPosition.x
      value: 2
      objectReference: {fileID: 0}
    - target: {fileID: 439698, guid: 7df12b3137af24048afe188ff6dbd3f0, type: 2}
      propertyPath: m_LocalPosition.y
      value: 0
      objectReference: {fileID: 0}
    - target: {fileID: 439698, guid: 7df12b3137af24048afe188ff6dbd3f0, type: 2}
      propertyPath: m_LocalPosition.z
      value: 0
      objectReference: {fileID: 0}
    - target: {fileID: 439698, guid: 7df12b3137af24048afe188ff6dbd3f0, type: 2}
      propertyPath: m_LocalRotation.x
      value: 0
      objectReference: {fileID: 0}
    - target: {fileID: 439698, guid: 7df12b3137af24048afe188ff6dbd3f0, type: 2}
      propertyPath: m_LocalRotation.y
      value: 0
      objectReference: {fileID: 0}
    - target: {fileID: 439698, guid: 7df12b3137af24048afe188ff6dbd3f0, type: 2}
      propertyPath: m_LocalRotation.z
      value: 0
      objectReference: {fileID: 0}
    - target: {fileID: 439698, guid: 7df12b3137af24048afe188ff6dbd3f0, type: 2}
      propertyPath: m_LocalRotation.w
      value: 1
      objectReference: {fileID: 0}
    - target: {fileID: 439698, guid: 7df12b3137af24048afe188ff6dbd3f0, type: 2}
      propertyPath: m_RootOrder
      value: 4
      objectReference: {fileID: 0}
    - target: {fileID: 143440, guid: 7df12b3137af24048afe188ff6dbd3f0, type: 2}
      propertyPath: m_Name
      value: FloorPiece
      objectReference: {fileID: 0}
    m_RemovedComponents: []
  m_ParentPrefab: {fileID: 100100000, guid: 7df12b3137af24048afe188ff6dbd3f0, type: 2}
  m_IsPrefabParent: 0
--- !u!1001 &1352295880
Prefab:
  m_ObjectHideFlags: 0
  serializedVersion: 2
  m_Modification:
    m_TransformParent: {fileID: 850468931}
    m_Modifications:
    - target: {fileID: 439698, guid: 7df12b3137af24048afe188ff6dbd3f0, type: 2}
      propertyPath: m_LocalPosition.x
      value: 4
      objectReference: {fileID: 0}
    - target: {fileID: 439698, guid: 7df12b3137af24048afe188ff6dbd3f0, type: 2}
      propertyPath: m_LocalPosition.y
      value: 0
      objectReference: {fileID: 0}
    - target: {fileID: 439698, guid: 7df12b3137af24048afe188ff6dbd3f0, type: 2}
      propertyPath: m_LocalPosition.z
      value: 0
      objectReference: {fileID: 0}
    - target: {fileID: 439698, guid: 7df12b3137af24048afe188ff6dbd3f0, type: 2}
      propertyPath: m_LocalRotation.x
      value: 0
      objectReference: {fileID: 0}
    - target: {fileID: 439698, guid: 7df12b3137af24048afe188ff6dbd3f0, type: 2}
      propertyPath: m_LocalRotation.y
      value: 0
      objectReference: {fileID: 0}
    - target: {fileID: 439698, guid: 7df12b3137af24048afe188ff6dbd3f0, type: 2}
      propertyPath: m_LocalRotation.z
      value: 0
      objectReference: {fileID: 0}
    - target: {fileID: 439698, guid: 7df12b3137af24048afe188ff6dbd3f0, type: 2}
      propertyPath: m_LocalRotation.w
      value: 1
      objectReference: {fileID: 0}
    - target: {fileID: 439698, guid: 7df12b3137af24048afe188ff6dbd3f0, type: 2}
      propertyPath: m_RootOrder
      value: 2
      objectReference: {fileID: 0}
    - target: {fileID: 143440, guid: 7df12b3137af24048afe188ff6dbd3f0, type: 2}
      propertyPath: m_Name
      value: FloorPiece
      objectReference: {fileID: 0}
    m_RemovedComponents: []
  m_ParentPrefab: {fileID: 100100000, guid: 7df12b3137af24048afe188ff6dbd3f0, type: 2}
  m_IsPrefabParent: 0
--- !u!1001 &1356019566
Prefab:
  m_ObjectHideFlags: 0
  serializedVersion: 2
  m_Modification:
    m_TransformParent: {fileID: 850468931}
    m_Modifications:
    - target: {fileID: 439698, guid: 7df12b3137af24048afe188ff6dbd3f0, type: 2}
      propertyPath: m_LocalPosition.x
      value: 3
      objectReference: {fileID: 0}
    - target: {fileID: 439698, guid: 7df12b3137af24048afe188ff6dbd3f0, type: 2}
      propertyPath: m_LocalPosition.y
      value: 0
      objectReference: {fileID: 0}
    - target: {fileID: 439698, guid: 7df12b3137af24048afe188ff6dbd3f0, type: 2}
      propertyPath: m_LocalPosition.z
      value: 1
      objectReference: {fileID: 0}
    - target: {fileID: 439698, guid: 7df12b3137af24048afe188ff6dbd3f0, type: 2}
      propertyPath: m_LocalRotation.x
      value: 0
      objectReference: {fileID: 0}
    - target: {fileID: 439698, guid: 7df12b3137af24048afe188ff6dbd3f0, type: 2}
      propertyPath: m_LocalRotation.y
      value: 0
      objectReference: {fileID: 0}
    - target: {fileID: 439698, guid: 7df12b3137af24048afe188ff6dbd3f0, type: 2}
      propertyPath: m_LocalRotation.z
      value: 0
      objectReference: {fileID: 0}
    - target: {fileID: 439698, guid: 7df12b3137af24048afe188ff6dbd3f0, type: 2}
      propertyPath: m_LocalRotation.w
      value: 1
      objectReference: {fileID: 0}
    - target: {fileID: 439698, guid: 7df12b3137af24048afe188ff6dbd3f0, type: 2}
      propertyPath: m_RootOrder
      value: 1
      objectReference: {fileID: 0}
    m_RemovedComponents: []
  m_ParentPrefab: {fileID: 100100000, guid: 7df12b3137af24048afe188ff6dbd3f0, type: 2}
  m_IsPrefabParent: 0
--- !u!1001 &1386747213
Prefab:
  m_ObjectHideFlags: 0
  serializedVersion: 2
  m_Modification:
    m_TransformParent: {fileID: 850468931}
    m_Modifications:
    - target: {fileID: 439698, guid: 7df12b3137af24048afe188ff6dbd3f0, type: 2}
      propertyPath: m_LocalPosition.x
      value: 8
      objectReference: {fileID: 0}
    - target: {fileID: 439698, guid: 7df12b3137af24048afe188ff6dbd3f0, type: 2}
      propertyPath: m_LocalPosition.y
      value: 0
      objectReference: {fileID: 0}
    - target: {fileID: 439698, guid: 7df12b3137af24048afe188ff6dbd3f0, type: 2}
      propertyPath: m_LocalPosition.z
      value: -2
      objectReference: {fileID: 0}
    - target: {fileID: 439698, guid: 7df12b3137af24048afe188ff6dbd3f0, type: 2}
      propertyPath: m_LocalRotation.x
      value: 0
      objectReference: {fileID: 0}
    - target: {fileID: 439698, guid: 7df12b3137af24048afe188ff6dbd3f0, type: 2}
      propertyPath: m_LocalRotation.y
      value: 0
      objectReference: {fileID: 0}
    - target: {fileID: 439698, guid: 7df12b3137af24048afe188ff6dbd3f0, type: 2}
      propertyPath: m_LocalRotation.z
      value: 0
      objectReference: {fileID: 0}
    - target: {fileID: 439698, guid: 7df12b3137af24048afe188ff6dbd3f0, type: 2}
      propertyPath: m_LocalRotation.w
      value: 1
      objectReference: {fileID: 0}
    - target: {fileID: 439698, guid: 7df12b3137af24048afe188ff6dbd3f0, type: 2}
      propertyPath: m_RootOrder
      value: 16
      objectReference: {fileID: 0}
    - target: {fileID: 143440, guid: 7df12b3137af24048afe188ff6dbd3f0, type: 2}
      propertyPath: m_Name
      value: FloorPiece
      objectReference: {fileID: 0}
    m_RemovedComponents: []
  m_ParentPrefab: {fileID: 100100000, guid: 7df12b3137af24048afe188ff6dbd3f0, type: 2}
  m_IsPrefabParent: 0
--- !u!1001 &1567563125
Prefab:
  m_ObjectHideFlags: 0
  serializedVersion: 2
  m_Modification:
    m_TransformParent: {fileID: 850468931}
    m_Modifications:
    - target: {fileID: 439698, guid: 7df12b3137af24048afe188ff6dbd3f0, type: 2}
      propertyPath: m_LocalPosition.x
      value: 7
      objectReference: {fileID: 0}
    - target: {fileID: 439698, guid: 7df12b3137af24048afe188ff6dbd3f0, type: 2}
      propertyPath: m_LocalPosition.y
      value: 0
      objectReference: {fileID: 0}
    - target: {fileID: 439698, guid: 7df12b3137af24048afe188ff6dbd3f0, type: 2}
      propertyPath: m_LocalPosition.z
      value: 0
      objectReference: {fileID: 0}
    - target: {fileID: 439698, guid: 7df12b3137af24048afe188ff6dbd3f0, type: 2}
      propertyPath: m_LocalRotation.x
      value: 0
      objectReference: {fileID: 0}
    - target: {fileID: 439698, guid: 7df12b3137af24048afe188ff6dbd3f0, type: 2}
      propertyPath: m_LocalRotation.y
      value: 0
      objectReference: {fileID: 0}
    - target: {fileID: 439698, guid: 7df12b3137af24048afe188ff6dbd3f0, type: 2}
      propertyPath: m_LocalRotation.z
      value: 0
      objectReference: {fileID: 0}
    - target: {fileID: 439698, guid: 7df12b3137af24048afe188ff6dbd3f0, type: 2}
      propertyPath: m_LocalRotation.w
      value: 1
      objectReference: {fileID: 0}
    - target: {fileID: 439698, guid: 7df12b3137af24048afe188ff6dbd3f0, type: 2}
      propertyPath: m_RootOrder
      value: 0
      objectReference: {fileID: 0}
    - target: {fileID: 143440, guid: 7df12b3137af24048afe188ff6dbd3f0, type: 2}
      propertyPath: m_Name
      value: FloorPiece
      objectReference: {fileID: 0}
    m_RemovedComponents: []
  m_ParentPrefab: {fileID: 100100000, guid: 7df12b3137af24048afe188ff6dbd3f0, type: 2}
  m_IsPrefabParent: 0
--- !u!1001 &1595015256
Prefab:
  m_ObjectHideFlags: 0
  serializedVersion: 2
  m_Modification:
    m_TransformParent: {fileID: 850468931}
    m_Modifications:
    - target: {fileID: 444894, guid: 90c3305437d44a845aa291ce610c5def, type: 2}
      propertyPath: m_LocalPosition.x
      value: 7
      objectReference: {fileID: 0}
    - target: {fileID: 444894, guid: 90c3305437d44a845aa291ce610c5def, type: 2}
      propertyPath: m_LocalPosition.y
      value: 1
      objectReference: {fileID: 0}
    - target: {fileID: 444894, guid: 90c3305437d44a845aa291ce610c5def, type: 2}
      propertyPath: m_LocalPosition.z
      value: 0
      objectReference: {fileID: 0}
    - target: {fileID: 444894, guid: 90c3305437d44a845aa291ce610c5def, type: 2}
      propertyPath: m_LocalRotation.x
      value: 0
      objectReference: {fileID: 0}
    - target: {fileID: 444894, guid: 90c3305437d44a845aa291ce610c5def, type: 2}
      propertyPath: m_LocalRotation.y
      value: 0
      objectReference: {fileID: 0}
    - target: {fileID: 444894, guid: 90c3305437d44a845aa291ce610c5def, type: 2}
      propertyPath: m_LocalRotation.z
      value: 0
      objectReference: {fileID: 0}
    - target: {fileID: 444894, guid: 90c3305437d44a845aa291ce610c5def, type: 2}
      propertyPath: m_LocalRotation.w
      value: 1
      objectReference: {fileID: 0}
    - target: {fileID: 444894, guid: 90c3305437d44a845aa291ce610c5def, type: 2}
      propertyPath: m_RootOrder
      value: 23
      objectReference: {fileID: 0}
    m_RemovedComponents: []
  m_ParentPrefab: {fileID: 100100000, guid: 90c3305437d44a845aa291ce610c5def, type: 2}
  m_IsPrefabParent: 0
--- !u!1001 &1675057718
Prefab:
  m_ObjectHideFlags: 0
  serializedVersion: 2
  m_Modification:
    m_TransformParent: {fileID: 850468931}
    m_Modifications:
    - target: {fileID: 439698, guid: 7df12b3137af24048afe188ff6dbd3f0, type: 2}
      propertyPath: m_LocalPosition.x
      value: 8
      objectReference: {fileID: 0}
    - target: {fileID: 439698, guid: 7df12b3137af24048afe188ff6dbd3f0, type: 2}
      propertyPath: m_LocalPosition.y
      value: 0
      objectReference: {fileID: 0}
    - target: {fileID: 439698, guid: 7df12b3137af24048afe188ff6dbd3f0, type: 2}
      propertyPath: m_LocalPosition.z
      value: 2
      objectReference: {fileID: 0}
    - target: {fileID: 439698, guid: 7df12b3137af24048afe188ff6dbd3f0, type: 2}
      propertyPath: m_LocalRotation.x
      value: 0
      objectReference: {fileID: 0}
    - target: {fileID: 439698, guid: 7df12b3137af24048afe188ff6dbd3f0, type: 2}
      propertyPath: m_LocalRotation.y
      value: 0
      objectReference: {fileID: 0}
    - target: {fileID: 439698, guid: 7df12b3137af24048afe188ff6dbd3f0, type: 2}
      propertyPath: m_LocalRotation.z
      value: 0
      objectReference: {fileID: 0}
    - target: {fileID: 439698, guid: 7df12b3137af24048afe188ff6dbd3f0, type: 2}
      propertyPath: m_LocalRotation.w
      value: 1
      objectReference: {fileID: 0}
    - target: {fileID: 439698, guid: 7df12b3137af24048afe188ff6dbd3f0, type: 2}
      propertyPath: m_RootOrder
      value: 21
      objectReference: {fileID: 0}
    - target: {fileID: 143440, guid: 7df12b3137af24048afe188ff6dbd3f0, type: 2}
      propertyPath: m_Name
      value: FloorPiece
      objectReference: {fileID: 0}
    m_RemovedComponents: []
  m_ParentPrefab: {fileID: 100100000, guid: 7df12b3137af24048afe188ff6dbd3f0, type: 2}
  m_IsPrefabParent: 0
--- !u!1001 &1753587127
Prefab:
  m_ObjectHideFlags: 0
  serializedVersion: 2
  m_Modification:
    m_TransformParent: {fileID: 850468931}
    m_Modifications:
    - target: {fileID: 439698, guid: 7df12b3137af24048afe188ff6dbd3f0, type: 2}
      propertyPath: m_LocalPosition.x
      value: 5
      objectReference: {fileID: 0}
    - target: {fileID: 439698, guid: 7df12b3137af24048afe188ff6dbd3f0, type: 2}
      propertyPath: m_LocalPosition.y
      value: 0
      objectReference: {fileID: 0}
    - target: {fileID: 439698, guid: 7df12b3137af24048afe188ff6dbd3f0, type: 2}
      propertyPath: m_LocalPosition.z
      value: 0
      objectReference: {fileID: 0}
    - target: {fileID: 439698, guid: 7df12b3137af24048afe188ff6dbd3f0, type: 2}
      propertyPath: m_LocalRotation.x
      value: 0
      objectReference: {fileID: 0}
    - target: {fileID: 439698, guid: 7df12b3137af24048afe188ff6dbd3f0, type: 2}
      propertyPath: m_LocalRotation.y
      value: 0
      objectReference: {fileID: 0}
    - target: {fileID: 439698, guid: 7df12b3137af24048afe188ff6dbd3f0, type: 2}
      propertyPath: m_LocalRotation.z
      value: 0
      objectReference: {fileID: 0}
    - target: {fileID: 439698, guid: 7df12b3137af24048afe188ff6dbd3f0, type: 2}
      propertyPath: m_LocalRotation.w
      value: 1
      objectReference: {fileID: 0}
    - target: {fileID: 439698, guid: 7df12b3137af24048afe188ff6dbd3f0, type: 2}
      propertyPath: m_RootOrder
      value: 20
      objectReference: {fileID: 0}
    - target: {fileID: 143440, guid: 7df12b3137af24048afe188ff6dbd3f0, type: 2}
      propertyPath: m_Name
      value: FloorPiece
      objectReference: {fileID: 0}
    m_RemovedComponents: []
  m_ParentPrefab: {fileID: 100100000, guid: 7df12b3137af24048afe188ff6dbd3f0, type: 2}
  m_IsPrefabParent: 0
--- !u!1001 &1838691662
Prefab:
  m_ObjectHideFlags: 0
  serializedVersion: 2
  m_Modification:
    m_TransformParent: {fileID: 850468931}
    m_Modifications:
    - target: {fileID: 439698, guid: 7df12b3137af24048afe188ff6dbd3f0, type: 2}
      propertyPath: m_LocalPosition.x
      value: 6
      objectReference: {fileID: 0}
    - target: {fileID: 439698, guid: 7df12b3137af24048afe188ff6dbd3f0, type: 2}
      propertyPath: m_LocalPosition.y
      value: 0
      objectReference: {fileID: 0}
    - target: {fileID: 439698, guid: 7df12b3137af24048afe188ff6dbd3f0, type: 2}
      propertyPath: m_LocalPosition.z
      value: -2
      objectReference: {fileID: 0}
    - target: {fileID: 439698, guid: 7df12b3137af24048afe188ff6dbd3f0, type: 2}
      propertyPath: m_LocalRotation.x
      value: 0
      objectReference: {fileID: 0}
    - target: {fileID: 439698, guid: 7df12b3137af24048afe188ff6dbd3f0, type: 2}
      propertyPath: m_LocalRotation.y
      value: 0
      objectReference: {fileID: 0}
    - target: {fileID: 439698, guid: 7df12b3137af24048afe188ff6dbd3f0, type: 2}
      propertyPath: m_LocalRotation.z
      value: 0
      objectReference: {fileID: 0}
    - target: {fileID: 439698, guid: 7df12b3137af24048afe188ff6dbd3f0, type: 2}
      propertyPath: m_LocalRotation.w
      value: 1
      objectReference: {fileID: 0}
    - target: {fileID: 439698, guid: 7df12b3137af24048afe188ff6dbd3f0, type: 2}
      propertyPath: m_RootOrder
      value: 9
      objectReference: {fileID: 0}
    - target: {fileID: 143440, guid: 7df12b3137af24048afe188ff6dbd3f0, type: 2}
      propertyPath: m_Name
      value: FloorPiece
      objectReference: {fileID: 0}
    m_RemovedComponents: []
  m_ParentPrefab: {fileID: 100100000, guid: 7df12b3137af24048afe188ff6dbd3f0, type: 2}
  m_IsPrefabParent: 0
--- !u!1001 &2004312396
Prefab:
  m_ObjectHideFlags: 0
  serializedVersion: 2
  m_Modification:
    m_TransformParent: {fileID: 850468931}
    m_Modifications:
    - target: {fileID: 439698, guid: 7df12b3137af24048afe188ff6dbd3f0, type: 2}
      propertyPath: m_LocalPosition.x
      value: 2
      objectReference: {fileID: 0}
    - target: {fileID: 439698, guid: 7df12b3137af24048afe188ff6dbd3f0, type: 2}
      propertyPath: m_LocalPosition.y
      value: 0
      objectReference: {fileID: 0}
    - target: {fileID: 439698, guid: 7df12b3137af24048afe188ff6dbd3f0, type: 2}
      propertyPath: m_LocalPosition.z
      value: 2
      objectReference: {fileID: 0}
    - target: {fileID: 439698, guid: 7df12b3137af24048afe188ff6dbd3f0, type: 2}
      propertyPath: m_LocalRotation.x
      value: 0
      objectReference: {fileID: 0}
    - target: {fileID: 439698, guid: 7df12b3137af24048afe188ff6dbd3f0, type: 2}
      propertyPath: m_LocalRotation.y
      value: 0
      objectReference: {fileID: 0}
    - target: {fileID: 439698, guid: 7df12b3137af24048afe188ff6dbd3f0, type: 2}
      propertyPath: m_LocalRotation.z
      value: 0
      objectReference: {fileID: 0}
    - target: {fileID: 439698, guid: 7df12b3137af24048afe188ff6dbd3f0, type: 2}
      propertyPath: m_LocalRotation.w
      value: 1
      objectReference: {fileID: 0}
    - target: {fileID: 439698, guid: 7df12b3137af24048afe188ff6dbd3f0, type: 2}
      propertyPath: m_RootOrder
      value: 19
      objectReference: {fileID: 0}
    - target: {fileID: 143440, guid: 7df12b3137af24048afe188ff6dbd3f0, type: 2}
      propertyPath: m_Name
      value: FloorPiece
      objectReference: {fileID: 0}
    m_RemovedComponents: []
  m_ParentPrefab: {fileID: 100100000, guid: 7df12b3137af24048afe188ff6dbd3f0, type: 2}
  m_IsPrefabParent: 0
--- !u!1001 &2015862512
Prefab:
  m_ObjectHideFlags: 0
  serializedVersion: 2
  m_Modification:
    m_TransformParent: {fileID: 0}
    m_Modifications:
    - target: {fileID: 443524, guid: c544e06eb44fab94c88d493acdcc1666, type: 2}
      propertyPath: m_LocalPosition.x
      value: 0
      objectReference: {fileID: 0}
    - target: {fileID: 443524, guid: c544e06eb44fab94c88d493acdcc1666, type: 2}
      propertyPath: m_LocalPosition.y
      value: 0
      objectReference: {fileID: 0}
    - target: {fileID: 443524, guid: c544e06eb44fab94c88d493acdcc1666, type: 2}
      propertyPath: m_LocalPosition.z
      value: 0
      objectReference: {fileID: 0}
    - target: {fileID: 443524, guid: c544e06eb44fab94c88d493acdcc1666, type: 2}
      propertyPath: m_LocalRotation.x
      value: 0
      objectReference: {fileID: 0}
    - target: {fileID: 443524, guid: c544e06eb44fab94c88d493acdcc1666, type: 2}
      propertyPath: m_LocalRotation.y
      value: 0
      objectReference: {fileID: 0}
    - target: {fileID: 443524, guid: c544e06eb44fab94c88d493acdcc1666, type: 2}
      propertyPath: m_LocalRotation.z
      value: 0
      objectReference: {fileID: 0}
    - target: {fileID: 443524, guid: c544e06eb44fab94c88d493acdcc1666, type: 2}
      propertyPath: m_LocalRotation.w
      value: 1
      objectReference: {fileID: 0}
    - target: {fileID: 443524, guid: c544e06eb44fab94c88d493acdcc1666, type: 2}
      propertyPath: m_RootOrder
      value: 1
      objectReference: {fileID: 0}
    - target: {fileID: 126416, guid: c544e06eb44fab94c88d493acdcc1666, type: 2}
      propertyPath: m_Name
      value: GridParent
      objectReference: {fileID: 0}
    m_RemovedComponents: []
  m_ParentPrefab: {fileID: 100100000, guid: c544e06eb44fab94c88d493acdcc1666, type: 2}
  m_IsPrefabParent: 0
--- !u!1001 &2027854128
Prefab:
  m_ObjectHideFlags: 0
  serializedVersion: 2
  m_Modification:
    m_TransformParent: {fileID: 850468931}
    m_Modifications:
    - target: {fileID: 439698, guid: 7df12b3137af24048afe188ff6dbd3f0, type: 2}
      propertyPath: m_LocalPosition.x
      value: 6
      objectReference: {fileID: 0}
    - target: {fileID: 439698, guid: 7df12b3137af24048afe188ff6dbd3f0, type: 2}
      propertyPath: m_LocalPosition.y
      value: 0
      objectReference: {fileID: 0}
    - target: {fileID: 439698, guid: 7df12b3137af24048afe188ff6dbd3f0, type: 2}
      propertyPath: m_LocalPosition.z
      value: 2
      objectReference: {fileID: 0}
    - target: {fileID: 439698, guid: 7df12b3137af24048afe188ff6dbd3f0, type: 2}
      propertyPath: m_LocalRotation.x
      value: 0
      objectReference: {fileID: 0}
    - target: {fileID: 439698, guid: 7df12b3137af24048afe188ff6dbd3f0, type: 2}
      propertyPath: m_LocalRotation.y
      value: 0
      objectReference: {fileID: 0}
    - target: {fileID: 439698, guid: 7df12b3137af24048afe188ff6dbd3f0, type: 2}
      propertyPath: m_LocalRotation.z
      value: 0
      objectReference: {fileID: 0}
    - target: {fileID: 439698, guid: 7df12b3137af24048afe188ff6dbd3f0, type: 2}
      propertyPath: m_LocalRotation.w
      value: 1
      objectReference: {fileID: 0}
    - target: {fileID: 439698, guid: 7df12b3137af24048afe188ff6dbd3f0, type: 2}
      propertyPath: m_RootOrder
      value: 10
      objectReference: {fileID: 0}
    - target: {fileID: 143440, guid: 7df12b3137af24048afe188ff6dbd3f0, type: 2}
      propertyPath: m_Name
      value: FloorPiece
      objectReference: {fileID: 0}
    m_RemovedComponents: []
  m_ParentPrefab: {fileID: 100100000, guid: 7df12b3137af24048afe188ff6dbd3f0, type: 2}
  m_IsPrefabParent: 0
--- !u!1001 &2073038873
Prefab:
  m_ObjectHideFlags: 0
  serializedVersion: 2
  m_Modification:
    m_TransformParent: {fileID: 0}
    m_Modifications:
    - target: {fileID: 489138, guid: 32fe0a59f2aae514c947b40255fba930, type: 2}
      propertyPath: m_LocalPosition.x
      value: 0
      objectReference: {fileID: 0}
    - target: {fileID: 489138, guid: 32fe0a59f2aae514c947b40255fba930, type: 2}
      propertyPath: m_LocalPosition.y
      value: 0
      objectReference: {fileID: 0}
    - target: {fileID: 489138, guid: 32fe0a59f2aae514c947b40255fba930, type: 2}
      propertyPath: m_LocalPosition.z
      value: 0
      objectReference: {fileID: 0}
    - target: {fileID: 489138, guid: 32fe0a59f2aae514c947b40255fba930, type: 2}
      propertyPath: m_LocalRotation.x
      value: 0
      objectReference: {fileID: 0}
    - target: {fileID: 489138, guid: 32fe0a59f2aae514c947b40255fba930, type: 2}
      propertyPath: m_LocalRotation.y
      value: 0
      objectReference: {fileID: 0}
    - target: {fileID: 489138, guid: 32fe0a59f2aae514c947b40255fba930, type: 2}
      propertyPath: m_LocalRotation.z
      value: 0
      objectReference: {fileID: 0}
    - target: {fileID: 489138, guid: 32fe0a59f2aae514c947b40255fba930, type: 2}
      propertyPath: m_LocalRotation.w
      value: 1
      objectReference: {fileID: 0}
    - target: {fileID: 489138, guid: 32fe0a59f2aae514c947b40255fba930, type: 2}
      propertyPath: m_RootOrder
      value: 0
      objectReference: {fileID: 0}
    - target: {fileID: 136976, guid: 32fe0a59f2aae514c947b40255fba930, type: 2}
      propertyPath: m_IsActive
      value: 1
      objectReference: {fileID: 0}
    m_RemovedComponents: []
  m_ParentPrefab: {fileID: 100100000, guid: 32fe0a59f2aae514c947b40255fba930, type: 2}
  m_IsPrefabParent: 0
--- !u!1001 &2141866548
Prefab:
  m_ObjectHideFlags: 0
  serializedVersion: 2
  m_Modification:
    m_TransformParent: {fileID: 850468931}
    m_Modifications:
    - target: {fileID: 439698, guid: 7df12b3137af24048afe188ff6dbd3f0, type: 2}
      propertyPath: m_LocalPosition.x
      value: 7
      objectReference: {fileID: 0}
    - target: {fileID: 439698, guid: 7df12b3137af24048afe188ff6dbd3f0, type: 2}
      propertyPath: m_LocalPosition.y
      value: 0
      objectReference: {fileID: 0}
    - target: {fileID: 439698, guid: 7df12b3137af24048afe188ff6dbd3f0, type: 2}
      propertyPath: m_LocalPosition.z
      value: -2
      objectReference: {fileID: 0}
    - target: {fileID: 439698, guid: 7df12b3137af24048afe188ff6dbd3f0, type: 2}
      propertyPath: m_LocalRotation.x
      value: 0
      objectReference: {fileID: 0}
    - target: {fileID: 439698, guid: 7df12b3137af24048afe188ff6dbd3f0, type: 2}
      propertyPath: m_LocalRotation.y
      value: 0
      objectReference: {fileID: 0}
    - target: {fileID: 439698, guid: 7df12b3137af24048afe188ff6dbd3f0, type: 2}
      propertyPath: m_LocalRotation.z
      value: 0
      objectReference: {fileID: 0}
    - target: {fileID: 439698, guid: 7df12b3137af24048afe188ff6dbd3f0, type: 2}
      propertyPath: m_LocalRotation.w
      value: 1
      objectReference: {fileID: 0}
    - target: {fileID: 439698, guid: 7df12b3137af24048afe188ff6dbd3f0, type: 2}
      propertyPath: m_RootOrder
      value: 11
      objectReference: {fileID: 0}
    - target: {fileID: 143440, guid: 7df12b3137af24048afe188ff6dbd3f0, type: 2}
      propertyPath: m_Name
      value: FloorPiece
      objectReference: {fileID: 0}
    m_RemovedComponents: []
  m_ParentPrefab: {fileID: 100100000, guid: 7df12b3137af24048afe188ff6dbd3f0, type: 2}
  m_IsPrefabParent: 0
