%YAML 1.1
%TAG !u! tag:unity3d.com,2011:
--- !u!29 &1
OcclusionCullingSettings:
  m_ObjectHideFlags: 0
  serializedVersion: 2
  m_OcclusionBakeSettings:
    smallestOccluder: 5
    smallestHole: 0.25
    backfaceThreshold: 100
  m_SceneGUID: 00000000000000000000000000000000
  m_OcclusionCullingData: {fileID: 0}
--- !u!104 &2
RenderSettings:
  m_ObjectHideFlags: 0
  serializedVersion: 8
  m_Fog: 0
  m_FogColor: {r: 0.5, g: 0.5, b: 0.5, a: 1}
  m_FogMode: 3
  m_FogDensity: 0.01
  m_LinearFogStart: 0
  m_LinearFogEnd: 300
  m_AmbientSkyColor: {r: 0.212, g: 0.227, b: 0.259, a: 1}
  m_AmbientEquatorColor: {r: 0.114, g: 0.125, b: 0.133, a: 1}
  m_AmbientGroundColor: {r: 0.047, g: 0.043, b: 0.035, a: 1}
  m_AmbientIntensity: 1
  m_AmbientMode: 0
  m_SubtractiveShadowColor: {r: 0.42, g: 0.478, b: 0.627, a: 1}
  m_SkyboxMaterial: {fileID: 10304, guid: 0000000000000000f000000000000000, type: 0}
  m_HaloStrength: 0.5
  m_FlareStrength: 1
  m_FlareFadeSpeed: 3
  m_HaloTexture: {fileID: 0}
  m_SpotCookie: {fileID: 10001, guid: 0000000000000000e000000000000000, type: 0}
  m_DefaultReflectionMode: 0
  m_DefaultReflectionResolution: 128
  m_ReflectionBounces: 1
  m_ReflectionIntensity: 1
  m_CustomReflection: {fileID: 0}
  m_Sun: {fileID: 0}
  m_IndirectSpecularColor: {r: 0.44657832, g: 0.49641216, b: 0.5748164, a: 1}
--- !u!157 &3
LightmapSettings:
  m_ObjectHideFlags: 0
  serializedVersion: 9
  m_GIWorkflowMode: 0
  m_GISettings:
    serializedVersion: 2
    m_BounceScale: 1
    m_IndirectOutputScale: 1
    m_AlbedoBoost: 1
    m_TemporalCoherenceThreshold: 1
    m_EnvironmentLightingMode: 0
    m_EnableBakedLightmaps: 1
    m_EnableRealtimeLightmaps: 1
  m_LightmapEditorSettings:
    serializedVersion: 8
    m_Resolution: 2
    m_BakeResolution: 40
    m_TextureWidth: 1024
    m_TextureHeight: 1024
    m_AO: 0
    m_AOMaxDistance: 1
    m_CompAOExponent: 0
    m_CompAOExponentDirect: 0
    m_Padding: 2
    m_LightmapParameters: {fileID: 0}
    m_LightmapsBakeMode: 1
    m_TextureCompression: 1
    m_FinalGather: 0
    m_FinalGatherFiltering: 1
    m_FinalGatherRayCount: 1024
    m_ReflectionCompression: 2
    m_MixedBakeMode: 1
    m_BakeBackend: 0
    m_PVRSampling: 1
    m_PVRDirectSampleCount: 32
    m_PVRSampleCount: 500
    m_PVRBounces: 2
    m_PVRFiltering: 0
    m_PVRFilteringMode: 1
    m_PVRCulling: 1
    m_PVRFilteringGaussRadiusDirect: 1
    m_PVRFilteringGaussRadiusIndirect: 5
    m_PVRFilteringGaussRadiusAO: 2
    m_PVRFilteringAtrousColorSigma: 1
    m_PVRFilteringAtrousNormalSigma: 1
    m_PVRFilteringAtrousPositionSigma: 1
  m_LightingDataAsset: {fileID: 0}
  m_ShadowMaskMode: 2
--- !u!196 &4
NavMeshSettings:
  serializedVersion: 2
  m_ObjectHideFlags: 0
  m_BuildSettings:
    serializedVersion: 2
    agentTypeID: 0
    agentRadius: 0.5
    agentHeight: 2
    agentSlope: 45
    agentClimb: 0.4
    ledgeDropHeight: 0
    maxJumpAcrossDistance: 0
    minRegionArea: 2
    manualCellSize: 0
    cellSize: 0.16666667
    manualTileSize: 0
    tileSize: 256
    accuratePlacement: 0
  m_NavMeshData: {fileID: 0}
--- !u!1001 &9585805
Prefab:
  m_ObjectHideFlags: 0
  serializedVersion: 2
  m_Modification:
    m_TransformParent: {fileID: 850468931}
    m_Modifications:
    - target: {fileID: 439698, guid: 7df12b3137af24048afe188ff6dbd3f0, type: 2}
      propertyPath: m_LocalPosition.x
      value: 4
      objectReference: {fileID: 0}
    - target: {fileID: 439698, guid: 7df12b3137af24048afe188ff6dbd3f0, type: 2}
      propertyPath: m_LocalPosition.y
      value: 0
      objectReference: {fileID: 0}
    - target: {fileID: 439698, guid: 7df12b3137af24048afe188ff6dbd3f0, type: 2}
      propertyPath: m_LocalPosition.z
      value: 1
      objectReference: {fileID: 0}
    - target: {fileID: 439698, guid: 7df12b3137af24048afe188ff6dbd3f0, type: 2}
      propertyPath: m_LocalRotation.x
      value: 0
      objectReference: {fileID: 0}
    - target: {fileID: 439698, guid: 7df12b3137af24048afe188ff6dbd3f0, type: 2}
      propertyPath: m_LocalRotation.y
      value: 0
      objectReference: {fileID: 0}
    - target: {fileID: 439698, guid: 7df12b3137af24048afe188ff6dbd3f0, type: 2}
      propertyPath: m_LocalRotation.z
      value: 0
      objectReference: {fileID: 0}
    - target: {fileID: 439698, guid: 7df12b3137af24048afe188ff6dbd3f0, type: 2}
      propertyPath: m_LocalRotation.w
      value: 1
      objectReference: {fileID: 0}
    - target: {fileID: 439698, guid: 7df12b3137af24048afe188ff6dbd3f0, type: 2}
      propertyPath: m_RootOrder
      value: 6
      objectReference: {fileID: 0}
    - target: {fileID: 143440, guid: 7df12b3137af24048afe188ff6dbd3f0, type: 2}
      propertyPath: m_Name
      value: FloorPiece
      objectReference: {fileID: 0}
    m_RemovedComponents: []
  m_ParentPrefab: {fileID: 100100000, guid: 7df12b3137af24048afe188ff6dbd3f0, type: 2}
  m_IsPrefabParent: 0
--- !u!1001 &36567854
Prefab:
  m_ObjectHideFlags: 0
  serializedVersion: 2
  m_Modification:
    m_TransformParent: {fileID: 850468931}
    m_Modifications:
    - target: {fileID: 439698, guid: 7df12b3137af24048afe188ff6dbd3f0, type: 2}
      propertyPath: m_LocalPosition.x
      value: 1
      objectReference: {fileID: 0}
    - target: {fileID: 439698, guid: 7df12b3137af24048afe188ff6dbd3f0, type: 2}
      propertyPath: m_LocalPosition.y
      value: 0
      objectReference: {fileID: 0}
    - target: {fileID: 439698, guid: 7df12b3137af24048afe188ff6dbd3f0, type: 2}
      propertyPath: m_LocalPosition.z
      value: 0
      objectReference: {fileID: 0}
    - target: {fileID: 439698, guid: 7df12b3137af24048afe188ff6dbd3f0, type: 2}
      propertyPath: m_LocalRotation.x
      value: 0
      objectReference: {fileID: 0}
    - target: {fileID: 439698, guid: 7df12b3137af24048afe188ff6dbd3f0, type: 2}
      propertyPath: m_LocalRotation.y
      value: 0
      objectReference: {fileID: 0}
    - target: {fileID: 439698, guid: 7df12b3137af24048afe188ff6dbd3f0, type: 2}
      propertyPath: m_LocalRotation.z
      value: 0
      objectReference: {fileID: 0}
    - target: {fileID: 439698, guid: 7df12b3137af24048afe188ff6dbd3f0, type: 2}
      propertyPath: m_LocalRotation.w
      value: 1
      objectReference: {fileID: 0}
    - target: {fileID: 439698, guid: 7df12b3137af24048afe188ff6dbd3f0, type: 2}
      propertyPath: m_RootOrder
      value: 3
      objectReference: {fileID: 0}
    - target: {fileID: 143440, guid: 7df12b3137af24048afe188ff6dbd3f0, type: 2}
      propertyPath: m_Name
      value: FloorPiece
      objectReference: {fileID: 0}
    m_RemovedComponents: []
  m_ParentPrefab: {fileID: 100100000, guid: 7df12b3137af24048afe188ff6dbd3f0, type: 2}
  m_IsPrefabParent: 0
--- !u!1001 &269266799
Prefab:
  m_ObjectHideFlags: 0
  serializedVersion: 2
  m_Modification:
    m_TransformParent: {fileID: 850468931}
    m_Modifications:
    - target: {fileID: 439698, guid: 7df12b3137af24048afe188ff6dbd3f0, type: 2}
      propertyPath: m_LocalPosition.x
      value: 10
      objectReference: {fileID: 0}
    - target: {fileID: 439698, guid: 7df12b3137af24048afe188ff6dbd3f0, type: 2}
      propertyPath: m_LocalPosition.y
      value: 0
      objectReference: {fileID: 0}
    - target: {fileID: 439698, guid: 7df12b3137af24048afe188ff6dbd3f0, type: 2}
      propertyPath: m_LocalPosition.z
      value: 0
      objectReference: {fileID: 0}
    - target: {fileID: 439698, guid: 7df12b3137af24048afe188ff6dbd3f0, type: 2}
      propertyPath: m_LocalRotation.x
      value: 0
      objectReference: {fileID: 0}
    - target: {fileID: 439698, guid: 7df12b3137af24048afe188ff6dbd3f0, type: 2}
      propertyPath: m_LocalRotation.y
      value: 0
      objectReference: {fileID: 0}
    - target: {fileID: 439698, guid: 7df12b3137af24048afe188ff6dbd3f0, type: 2}
      propertyPath: m_LocalRotation.z
      value: 0
      objectReference: {fileID: 0}
    - target: {fileID: 439698, guid: 7df12b3137af24048afe188ff6dbd3f0, type: 2}
      propertyPath: m_LocalRotation.w
      value: 1
      objectReference: {fileID: 0}
    - target: {fileID: 439698, guid: 7df12b3137af24048afe188ff6dbd3f0, type: 2}
      propertyPath: m_RootOrder
      value: 12
      objectReference: {fileID: 0}
    - target: {fileID: 143440, guid: 7df12b3137af24048afe188ff6dbd3f0, type: 2}
      propertyPath: m_Name
      value: FloorPiece (1)
      objectReference: {fileID: 0}
    m_RemovedComponents: []
  m_ParentPrefab: {fileID: 100100000, guid: 7df12b3137af24048afe188ff6dbd3f0, type: 2}
  m_IsPrefabParent: 0
--- !u!1001 &375459399
Prefab:
  m_ObjectHideFlags: 0
  serializedVersion: 2
  m_Modification:
    m_TransformParent: {fileID: 850468931}
    m_Modifications:
    - target: {fileID: 439698, guid: 7df12b3137af24048afe188ff6dbd3f0, type: 2}
      propertyPath: m_LocalPosition.x
      value: 4
      objectReference: {fileID: 0}
    - target: {fileID: 439698, guid: 7df12b3137af24048afe188ff6dbd3f0, type: 2}
      propertyPath: m_LocalPosition.y
      value: 0
      objectReference: {fileID: 0}
    - target: {fileID: 439698, guid: 7df12b3137af24048afe188ff6dbd3f0, type: 2}
      propertyPath: m_LocalPosition.z
      value: -1
      objectReference: {fileID: 0}
    - target: {fileID: 439698, guid: 7df12b3137af24048afe188ff6dbd3f0, type: 2}
      propertyPath: m_LocalRotation.x
      value: -0
      objectReference: {fileID: 0}
    - target: {fileID: 439698, guid: 7df12b3137af24048afe188ff6dbd3f0, type: 2}
      propertyPath: m_LocalRotation.y
      value: -0
      objectReference: {fileID: 0}
    - target: {fileID: 439698, guid: 7df12b3137af24048afe188ff6dbd3f0, type: 2}
      propertyPath: m_LocalRotation.z
      value: -0
      objectReference: {fileID: 0}
    - target: {fileID: 439698, guid: 7df12b3137af24048afe188ff6dbd3f0, type: 2}
      propertyPath: m_LocalRotation.w
      value: 1
      objectReference: {fileID: 0}
    - target: {fileID: 439698, guid: 7df12b3137af24048afe188ff6dbd3f0, type: 2}
      propertyPath: m_RootOrder
      value: 17
      objectReference: {fileID: 0}
    - target: {fileID: 143440, guid: 7df12b3137af24048afe188ff6dbd3f0, type: 2}
      propertyPath: m_Name
      value: FloorPiece (4)
      objectReference: {fileID: 0}
    m_RemovedComponents: []
  m_ParentPrefab: {fileID: 100100000, guid: 7df12b3137af24048afe188ff6dbd3f0, type: 2}
  m_IsPrefabParent: 0
--- !u!1001 &663473656
Prefab:
  m_ObjectHideFlags: 0
  serializedVersion: 2
  m_Modification:
    m_TransformParent: {fileID: 850468931}
    m_Modifications:
    - target: {fileID: 439698, guid: 7df12b3137af24048afe188ff6dbd3f0, type: 2}
      propertyPath: m_LocalPosition.x
      value: 5
      objectReference: {fileID: 0}
    - target: {fileID: 439698, guid: 7df12b3137af24048afe188ff6dbd3f0, type: 2}
      propertyPath: m_LocalPosition.y
      value: 0
      objectReference: {fileID: 0}
    - target: {fileID: 439698, guid: 7df12b3137af24048afe188ff6dbd3f0, type: 2}
      propertyPath: m_LocalPosition.z
      value: 1
      objectReference: {fileID: 0}
    - target: {fileID: 439698, guid: 7df12b3137af24048afe188ff6dbd3f0, type: 2}
      propertyPath: m_LocalRotation.x
      value: 0
      objectReference: {fileID: 0}
    - target: {fileID: 439698, guid: 7df12b3137af24048afe188ff6dbd3f0, type: 2}
      propertyPath: m_LocalRotation.y
      value: 0
      objectReference: {fileID: 0}
    - target: {fileID: 439698, guid: 7df12b3137af24048afe188ff6dbd3f0, type: 2}
      propertyPath: m_LocalRotation.z
      value: 0
      objectReference: {fileID: 0}
    - target: {fileID: 439698, guid: 7df12b3137af24048afe188ff6dbd3f0, type: 2}
      propertyPath: m_LocalRotation.w
      value: 1
      objectReference: {fileID: 0}
    - target: {fileID: 439698, guid: 7df12b3137af24048afe188ff6dbd3f0, type: 2}
      propertyPath: m_RootOrder
      value: 13
      objectReference: {fileID: 0}
    - target: {fileID: 143440, guid: 7df12b3137af24048afe188ff6dbd3f0, type: 2}
      propertyPath: m_Name
      value: FloorPiece (3)
      objectReference: {fileID: 0}
    m_RemovedComponents: []
  m_ParentPrefab: {fileID: 100100000, guid: 7df12b3137af24048afe188ff6dbd3f0, type: 2}
  m_IsPrefabParent: 0
--- !u!4 &850468931 stripped
Transform:
  m_PrefabParentObject: {fileID: 443524, guid: c544e06eb44fab94c88d493acdcc1666, type: 2}
  m_PrefabInternal: {fileID: 2015862512}
--- !u!1001 &867255366
Prefab:
  m_ObjectHideFlags: 0
  serializedVersion: 2
  m_Modification:
    m_TransformParent: {fileID: 850468931}
    m_Modifications:
    - target: {fileID: 439698, guid: 7df12b3137af24048afe188ff6dbd3f0, type: 2}
      propertyPath: m_LocalPosition.x
      value: 3
      objectReference: {fileID: 0}
    - target: {fileID: 439698, guid: 7df12b3137af24048afe188ff6dbd3f0, type: 2}
      propertyPath: m_LocalPosition.y
      value: 0
      objectReference: {fileID: 0}
    - target: {fileID: 439698, guid: 7df12b3137af24048afe188ff6dbd3f0, type: 2}
      propertyPath: m_LocalPosition.z
      value: -1
      objectReference: {fileID: 0}
    - target: {fileID: 439698, guid: 7df12b3137af24048afe188ff6dbd3f0, type: 2}
      propertyPath: m_LocalRotation.x
      value: -0
      objectReference: {fileID: 0}
    - target: {fileID: 439698, guid: 7df12b3137af24048afe188ff6dbd3f0, type: 2}
      propertyPath: m_LocalRotation.y
      value: -0
      objectReference: {fileID: 0}
    - target: {fileID: 439698, guid: 7df12b3137af24048afe188ff6dbd3f0, type: 2}
      propertyPath: m_LocalRotation.z
      value: -0
      objectReference: {fileID: 0}
    - target: {fileID: 439698, guid: 7df12b3137af24048afe188ff6dbd3f0, type: 2}
      propertyPath: m_LocalRotation.w
      value: 1
      objectReference: {fileID: 0}
    - target: {fileID: 439698, guid: 7df12b3137af24048afe188ff6dbd3f0, type: 2}
      propertyPath: m_RootOrder
      value: 18
      objectReference: {fileID: 0}
    - target: {fileID: 143440, guid: 7df12b3137af24048afe188ff6dbd3f0, type: 2}
      propertyPath: m_Name
      value: FloorPiece (5)
      objectReference: {fileID: 0}
    m_RemovedComponents: []
  m_ParentPrefab: {fileID: 100100000, guid: 7df12b3137af24048afe188ff6dbd3f0, type: 2}
  m_IsPrefabParent: 0
--- !u!1001 &910134328
Prefab:
  m_ObjectHideFlags: 0
  serializedVersion: 2
  m_Modification:
    m_TransformParent: {fileID: 850468931}
    m_Modifications:
    - target: {fileID: 439698, guid: 7df12b3137af24048afe188ff6dbd3f0, type: 2}
      propertyPath: m_LocalPosition.x
      value: 3
      objectReference: {fileID: 0}
    - target: {fileID: 439698, guid: 7df12b3137af24048afe188ff6dbd3f0, type: 2}
      propertyPath: m_LocalPosition.y
      value: 0
      objectReference: {fileID: 0}
    - target: {fileID: 439698, guid: 7df12b3137af24048afe188ff6dbd3f0, type: 2}
      propertyPath: m_LocalPosition.z
      value: 0
      objectReference: {fileID: 0}
    - target: {fileID: 439698, guid: 7df12b3137af24048afe188ff6dbd3f0, type: 2}
      propertyPath: m_LocalRotation.x
      value: 0
      objectReference: {fileID: 0}
    - target: {fileID: 439698, guid: 7df12b3137af24048afe188ff6dbd3f0, type: 2}
      propertyPath: m_LocalRotation.y
      value: 0
      objectReference: {fileID: 0}
    - target: {fileID: 439698, guid: 7df12b3137af24048afe188ff6dbd3f0, type: 2}
      propertyPath: m_LocalRotation.z
      value: 0
      objectReference: {fileID: 0}
    - target: {fileID: 439698, guid: 7df12b3137af24048afe188ff6dbd3f0, type: 2}
      propertyPath: m_LocalRotation.w
      value: 1
      objectReference: {fileID: 0}
    - target: {fileID: 439698, guid: 7df12b3137af24048afe188ff6dbd3f0, type: 2}
      propertyPath: m_RootOrder
      value: 7
      objectReference: {fileID: 0}
    - target: {fileID: 143440, guid: 7df12b3137af24048afe188ff6dbd3f0, type: 2}
      propertyPath: m_Name
      value: FloorPiece
      objectReference: {fileID: 0}
    m_RemovedComponents: []
  m_ParentPrefab: {fileID: 100100000, guid: 7df12b3137af24048afe188ff6dbd3f0, type: 2}
  m_IsPrefabParent: 0
--- !u!1001 &1073598957
Prefab:
  m_ObjectHideFlags: 0
  serializedVersion: 2
  m_Modification:
    m_TransformParent: {fileID: 850468931}
    m_Modifications:
    - target: {fileID: 439698, guid: 7df12b3137af24048afe188ff6dbd3f0, type: 2}
      propertyPath: m_LocalPosition.x
      value: 3
      objectReference: {fileID: 0}
    - target: {fileID: 439698, guid: 7df12b3137af24048afe188ff6dbd3f0, type: 2}
      propertyPath: m_LocalPosition.y
      value: 0
      objectReference: {fileID: 0}
    - target: {fileID: 439698, guid: 7df12b3137af24048afe188ff6dbd3f0, type: 2}
      propertyPath: m_LocalPosition.z
      value: 1
      objectReference: {fileID: 0}
    - target: {fileID: 439698, guid: 7df12b3137af24048afe188ff6dbd3f0, type: 2}
      propertyPath: m_LocalRotation.x
      value: 0
      objectReference: {fileID: 0}
    - target: {fileID: 439698, guid: 7df12b3137af24048afe188ff6dbd3f0, type: 2}
      propertyPath: m_LocalRotation.y
      value: 0
      objectReference: {fileID: 0}
    - target: {fileID: 439698, guid: 7df12b3137af24048afe188ff6dbd3f0, type: 2}
      propertyPath: m_LocalRotation.z
      value: 0
      objectReference: {fileID: 0}
    - target: {fileID: 439698, guid: 7df12b3137af24048afe188ff6dbd3f0, type: 2}
      propertyPath: m_LocalRotation.w
      value: 1
      objectReference: {fileID: 0}
    - target: {fileID: 439698, guid: 7df12b3137af24048afe188ff6dbd3f0, type: 2}
      propertyPath: m_RootOrder
      value: 5
      objectReference: {fileID: 0}
    - target: {fileID: 143440, guid: 7df12b3137af24048afe188ff6dbd3f0, type: 2}
      propertyPath: m_Name
      value: FloorPiece
      objectReference: {fileID: 0}
    m_RemovedComponents: []
  m_ParentPrefab: {fileID: 100100000, guid: 7df12b3137af24048afe188ff6dbd3f0, type: 2}
  m_IsPrefabParent: 0
--- !u!1001 &1086277102
Prefab:
  m_ObjectHideFlags: 0
  serializedVersion: 2
  m_Modification:
    m_TransformParent: {fileID: 0}
    m_Modifications:
    - target: {fileID: 4374122972552032, guid: e82da71c693edd447bdc293d40d5370c, type: 2}
      propertyPath: m_LocalPosition.x
      value: 0
      objectReference: {fileID: 0}
    - target: {fileID: 4374122972552032, guid: e82da71c693edd447bdc293d40d5370c, type: 2}
      propertyPath: m_LocalPosition.y
      value: 0
      objectReference: {fileID: 0}
    - target: {fileID: 4374122972552032, guid: e82da71c693edd447bdc293d40d5370c, type: 2}
      propertyPath: m_LocalPosition.z
      value: 0
      objectReference: {fileID: 0}
    - target: {fileID: 4374122972552032, guid: e82da71c693edd447bdc293d40d5370c, type: 2}
      propertyPath: m_LocalRotation.x
      value: -0
      objectReference: {fileID: 0}
    - target: {fileID: 4374122972552032, guid: e82da71c693edd447bdc293d40d5370c, type: 2}
      propertyPath: m_LocalRotation.y
      value: -0
      objectReference: {fileID: 0}
    - target: {fileID: 4374122972552032, guid: e82da71c693edd447bdc293d40d5370c, type: 2}
      propertyPath: m_LocalRotation.z
      value: -0
      objectReference: {fileID: 0}
    - target: {fileID: 4374122972552032, guid: e82da71c693edd447bdc293d40d5370c, type: 2}
      propertyPath: m_LocalRotation.w
      value: 1
      objectReference: {fileID: 0}
    - target: {fileID: 4374122972552032, guid: e82da71c693edd447bdc293d40d5370c, type: 2}
      propertyPath: m_RootOrder
      value: 2
      objectReference: {fileID: 0}
    m_RemovedComponents: []
  m_ParentPrefab: {fileID: 100100000, guid: e82da71c693edd447bdc293d40d5370c, type: 2}
  m_IsPrefabParent: 0
--- !u!1001 &1107839330
Prefab:
  m_ObjectHideFlags: 0
  serializedVersion: 2
  m_Modification:
    m_TransformParent: {fileID: 850468931}
    m_Modifications:
    - target: {fileID: 457880, guid: 238945ab5fea011449aaeb4abf9696f3, type: 2}
      propertyPath: m_LocalPosition.x
      value: 5
      objectReference: {fileID: 0}
    - target: {fileID: 457880, guid: 238945ab5fea011449aaeb4abf9696f3, type: 2}
      propertyPath: m_LocalPosition.y
      value: 0.5
      objectReference: {fileID: 0}
    - target: {fileID: 457880, guid: 238945ab5fea011449aaeb4abf9696f3, type: 2}
      propertyPath: m_LocalPosition.z
      value: 0
      objectReference: {fileID: 0}
    - target: {fileID: 457880, guid: 238945ab5fea011449aaeb4abf9696f3, type: 2}
      propertyPath: m_LocalRotation.x
      value: 0
      objectReference: {fileID: 0}
    - target: {fileID: 457880, guid: 238945ab5fea011449aaeb4abf9696f3, type: 2}
      propertyPath: m_LocalRotation.y
      value: 0
      objectReference: {fileID: 0}
    - target: {fileID: 457880, guid: 238945ab5fea011449aaeb4abf9696f3, type: 2}
      propertyPath: m_LocalRotation.z
      value: 0
      objectReference: {fileID: 0}
    - target: {fileID: 457880, guid: 238945ab5fea011449aaeb4abf9696f3, type: 2}
      propertyPath: m_LocalRotation.w
      value: 1
      objectReference: {fileID: 0}
    - target: {fileID: 457880, guid: 238945ab5fea011449aaeb4abf9696f3, type: 2}
      propertyPath: m_RootOrder
      value: 11
      objectReference: {fileID: 0}
    m_RemovedComponents:
    - {fileID: 0}
  m_ParentPrefab: {fileID: 100100000, guid: 238945ab5fea011449aaeb4abf9696f3, type: 2}
  m_IsPrefabParent: 0
--- !u!1001 &1152129119
Prefab:
  m_ObjectHideFlags: 0
  serializedVersion: 2
  m_Modification:
    m_TransformParent: {fileID: 850468931}
    m_Modifications:
    - target: {fileID: 433910, guid: 3616cb64f5ad99f42a1f22e7aad3dfc3, type: 2}
      propertyPath: m_LocalPosition.x
      value: 5
      objectReference: {fileID: 0}
    - target: {fileID: 433910, guid: 3616cb64f5ad99f42a1f22e7aad3dfc3, type: 2}
      propertyPath: m_LocalPosition.y
      value: 1
      objectReference: {fileID: 0}
    - target: {fileID: 433910, guid: 3616cb64f5ad99f42a1f22e7aad3dfc3, type: 2}
      propertyPath: m_LocalPosition.z
      value: -1
      objectReference: {fileID: 0}
    - target: {fileID: 433910, guid: 3616cb64f5ad99f42a1f22e7aad3dfc3, type: 2}
      propertyPath: m_LocalRotation.x
      value: 0
      objectReference: {fileID: 0}
    - target: {fileID: 433910, guid: 3616cb64f5ad99f42a1f22e7aad3dfc3, type: 2}
      propertyPath: m_LocalRotation.y
      value: 0
      objectReference: {fileID: 0}
    - target: {fileID: 433910, guid: 3616cb64f5ad99f42a1f22e7aad3dfc3, type: 2}
      propertyPath: m_LocalRotation.z
      value: 0
      objectReference: {fileID: 0}
    - target: {fileID: 433910, guid: 3616cb64f5ad99f42a1f22e7aad3dfc3, type: 2}
      propertyPath: m_LocalRotation.w
      value: 1
      objectReference: {fileID: 0}
    - target: {fileID: 433910, guid: 3616cb64f5ad99f42a1f22e7aad3dfc3, type: 2}
      propertyPath: m_RootOrder
      value: 14
      objectReference: {fileID: 0}
    m_RemovedComponents: []
  m_ParentPrefab: {fileID: 100100000, guid: 3616cb64f5ad99f42a1f22e7aad3dfc3, type: 2}
  m_IsPrefabParent: 0
--- !u!1001 &1160535131
Prefab:
  m_ObjectHideFlags: 0
  serializedVersion: 2
  m_Modification:
    m_TransformParent: {fileID: 850468931}
    m_Modifications:
    - target: {fileID: 473968, guid: 70941f3ab44a5de49a1dfe4aea421dca, type: 2}
      propertyPath: m_LocalPosition.x
      value: 10
      objectReference: {fileID: 0}
    - target: {fileID: 473968, guid: 70941f3ab44a5de49a1dfe4aea421dca, type: 2}
      propertyPath: m_LocalPosition.y
      value: 1
      objectReference: {fileID: 0}
    - target: {fileID: 473968, guid: 70941f3ab44a5de49a1dfe4aea421dca, type: 2}
      propertyPath: m_LocalPosition.z
      value: 0
      objectReference: {fileID: 0}
    - target: {fileID: 473968, guid: 70941f3ab44a5de49a1dfe4aea421dca, type: 2}
      propertyPath: m_LocalRotation.x
      value: 0.7071067
      objectReference: {fileID: 0}
    - target: {fileID: 473968, guid: 70941f3ab44a5de49a1dfe4aea421dca, type: 2}
      propertyPath: m_LocalRotation.y
      value: 0.00000030608985
      objectReference: {fileID: 0}
    - target: {fileID: 473968, guid: 70941f3ab44a5de49a1dfe4aea421dca, type: 2}
      propertyPath: m_LocalRotation.z
      value: -0.7071069
      objectReference: {fileID: 0}
    - target: {fileID: 473968, guid: 70941f3ab44a5de49a1dfe4aea421dca, type: 2}
      propertyPath: m_LocalRotation.w
      value: 0.00000043989408
      objectReference: {fileID: 0}
    - target: {fileID: 473968, guid: 70941f3ab44a5de49a1dfe4aea421dca, type: 2}
      propertyPath: m_RootOrder
      value: 9
      objectReference: {fileID: 0}
    - target: {fileID: 473968, guid: 70941f3ab44a5de49a1dfe4aea421dca, type: 2}
      propertyPath: m_LocalEulerAnglesHint.x
      value: 0.0001
      objectReference: {fileID: 0}
    - target: {fileID: 473968, guid: 70941f3ab44a5de49a1dfe4aea421dca, type: 2}
      propertyPath: m_LocalEulerAnglesHint.y
      value: -90
      objectReference: {fileID: 0}
    - target: {fileID: 473968, guid: 70941f3ab44a5de49a1dfe4aea421dca, type: 2}
      propertyPath: m_LocalEulerAnglesHint.z
      value: -180
      objectReference: {fileID: 0}
    m_RemovedComponents: []
  m_ParentPrefab: {fileID: 100100000, guid: 70941f3ab44a5de49a1dfe4aea421dca, type: 2}
  m_IsPrefabParent: 0
--- !u!1001 &1303458181
Prefab:
  m_ObjectHideFlags: 0
  serializedVersion: 2
  m_Modification:
    m_TransformParent: {fileID: 850468931}
    m_Modifications:
    - target: {fileID: 408492, guid: 2ccd48327a0b71a4baf61fb826aa5c1a, type: 2}
      propertyPath: m_LocalPosition.x
      value: 0
      objectReference: {fileID: 0}
    - target: {fileID: 408492, guid: 2ccd48327a0b71a4baf61fb826aa5c1a, type: 2}
      propertyPath: m_LocalPosition.y
      value: 0
      objectReference: {fileID: 0}
    - target: {fileID: 408492, guid: 2ccd48327a0b71a4baf61fb826aa5c1a, type: 2}
      propertyPath: m_LocalPosition.z
      value: 0
      objectReference: {fileID: 0}
    - target: {fileID: 408492, guid: 2ccd48327a0b71a4baf61fb826aa5c1a, type: 2}
      propertyPath: m_LocalRotation.x
      value: 0
      objectReference: {fileID: 0}
    - target: {fileID: 408492, guid: 2ccd48327a0b71a4baf61fb826aa5c1a, type: 2}
      propertyPath: m_LocalRotation.y
      value: 0
      objectReference: {fileID: 0}
    - target: {fileID: 408492, guid: 2ccd48327a0b71a4baf61fb826aa5c1a, type: 2}
      propertyPath: m_LocalRotation.z
      value: 0
      objectReference: {fileID: 0}
    - target: {fileID: 408492, guid: 2ccd48327a0b71a4baf61fb826aa5c1a, type: 2}
      propertyPath: m_LocalRotation.w
      value: 1
      objectReference: {fileID: 0}
    - target: {fileID: 408492, guid: 2ccd48327a0b71a4baf61fb826aa5c1a, type: 2}
      propertyPath: m_RootOrder
      value: 8
      objectReference: {fileID: 0}
    m_RemovedComponents: []
  m_ParentPrefab: {fileID: 100100000, guid: 2ccd48327a0b71a4baf61fb826aa5c1a, type: 2}
  m_IsPrefabParent: 0
--- !u!1001 &1307714056
Prefab:
  m_ObjectHideFlags: 0
  serializedVersion: 2
  m_Modification:
    m_TransformParent: {fileID: 850468931}
    m_Modifications:
    - target: {fileID: 439698, guid: 7df12b3137af24048afe188ff6dbd3f0, type: 2}
      propertyPath: m_LocalPosition.x
      value: 2
      objectReference: {fileID: 0}
    - target: {fileID: 439698, guid: 7df12b3137af24048afe188ff6dbd3f0, type: 2}
      propertyPath: m_LocalPosition.y
      value: 0
      objectReference: {fileID: 0}
    - target: {fileID: 439698, guid: 7df12b3137af24048afe188ff6dbd3f0, type: 2}
      propertyPath: m_LocalPosition.z
      value: 0
      objectReference: {fileID: 0}
    - target: {fileID: 439698, guid: 7df12b3137af24048afe188ff6dbd3f0, type: 2}
      propertyPath: m_LocalRotation.x
      value: 0
      objectReference: {fileID: 0}
    - target: {fileID: 439698, guid: 7df12b3137af24048afe188ff6dbd3f0, type: 2}
      propertyPath: m_LocalRotation.y
      value: 0
      objectReference: {fileID: 0}
    - target: {fileID: 439698, guid: 7df12b3137af24048afe188ff6dbd3f0, type: 2}
      propertyPath: m_LocalRotation.z
      value: 0
      objectReference: {fileID: 0}
    - target: {fileID: 439698, guid: 7df12b3137af24048afe188ff6dbd3f0, type: 2}
      propertyPath: m_LocalRotation.w
      value: 1
      objectReference: {fileID: 0}
    - target: {fileID: 439698, guid: 7df12b3137af24048afe188ff6dbd3f0, type: 2}
      propertyPath: m_RootOrder
      value: 4
      objectReference: {fileID: 0}
    - target: {fileID: 143440, guid: 7df12b3137af24048afe188ff6dbd3f0, type: 2}
      propertyPath: m_Name
      value: FloorPiece
      objectReference: {fileID: 0}
    m_RemovedComponents: []
  m_ParentPrefab: {fileID: 100100000, guid: 7df12b3137af24048afe188ff6dbd3f0, type: 2}
  m_IsPrefabParent: 0
--- !u!1001 &1352295880
Prefab:
  m_ObjectHideFlags: 0
  serializedVersion: 2
  m_Modification:
    m_TransformParent: {fileID: 850468931}
    m_Modifications:
    - target: {fileID: 439698, guid: 7df12b3137af24048afe188ff6dbd3f0, type: 2}
      propertyPath: m_LocalPosition.x
      value: 4
      objectReference: {fileID: 0}
    - target: {fileID: 439698, guid: 7df12b3137af24048afe188ff6dbd3f0, type: 2}
      propertyPath: m_LocalPosition.y
      value: 0
      objectReference: {fileID: 0}
    - target: {fileID: 439698, guid: 7df12b3137af24048afe188ff6dbd3f0, type: 2}
      propertyPath: m_LocalPosition.z
      value: 0
      objectReference: {fileID: 0}
    - target: {fileID: 439698, guid: 7df12b3137af24048afe188ff6dbd3f0, type: 2}
      propertyPath: m_LocalRotation.x
      value: 0
      objectReference: {fileID: 0}
    - target: {fileID: 439698, guid: 7df12b3137af24048afe188ff6dbd3f0, type: 2}
      propertyPath: m_LocalRotation.y
      value: 0
      objectReference: {fileID: 0}
    - target: {fileID: 439698, guid: 7df12b3137af24048afe188ff6dbd3f0, type: 2}
      propertyPath: m_LocalRotation.z
      value: 0
      objectReference: {fileID: 0}
    - target: {fileID: 439698, guid: 7df12b3137af24048afe188ff6dbd3f0, type: 2}
      propertyPath: m_LocalRotation.w
      value: 1
      objectReference: {fileID: 0}
    - target: {fileID: 439698, guid: 7df12b3137af24048afe188ff6dbd3f0, type: 2}
      propertyPath: m_RootOrder
      value: 2
      objectReference: {fileID: 0}
    - target: {fileID: 143440, guid: 7df12b3137af24048afe188ff6dbd3f0, type: 2}
      propertyPath: m_Name
      value: FloorPiece
      objectReference: {fileID: 0}
    m_RemovedComponents: []
  m_ParentPrefab: {fileID: 100100000, guid: 7df12b3137af24048afe188ff6dbd3f0, type: 2}
  m_IsPrefabParent: 0
--- !u!1001 &1356019566
Prefab:
  m_ObjectHideFlags: 0
  serializedVersion: 2
  m_Modification:
    m_TransformParent: {fileID: 850468931}
    m_Modifications:
    - target: {fileID: 439698, guid: 7df12b3137af24048afe188ff6dbd3f0, type: 2}
      propertyPath: m_LocalPosition.x
      value: 5
      objectReference: {fileID: 0}
    - target: {fileID: 439698, guid: 7df12b3137af24048afe188ff6dbd3f0, type: 2}
      propertyPath: m_LocalPosition.y
      value: 0
      objectReference: {fileID: 0}
    - target: {fileID: 439698, guid: 7df12b3137af24048afe188ff6dbd3f0, type: 2}
      propertyPath: m_LocalPosition.z
      value: 0
      objectReference: {fileID: 0}
    - target: {fileID: 439698, guid: 7df12b3137af24048afe188ff6dbd3f0, type: 2}
      propertyPath: m_LocalRotation.x
      value: 0
      objectReference: {fileID: 0}
    - target: {fileID: 439698, guid: 7df12b3137af24048afe188ff6dbd3f0, type: 2}
      propertyPath: m_LocalRotation.y
      value: 0
      objectReference: {fileID: 0}
    - target: {fileID: 439698, guid: 7df12b3137af24048afe188ff6dbd3f0, type: 2}
      propertyPath: m_LocalRotation.z
      value: 0
      objectReference: {fileID: 0}
    - target: {fileID: 439698, guid: 7df12b3137af24048afe188ff6dbd3f0, type: 2}
      propertyPath: m_LocalRotation.w
      value: 1
      objectReference: {fileID: 0}
    - target: {fileID: 439698, guid: 7df12b3137af24048afe188ff6dbd3f0, type: 2}
      propertyPath: m_RootOrder
      value: 1
      objectReference: {fileID: 0}
    m_RemovedComponents: []
  m_ParentPrefab: {fileID: 100100000, guid: 7df12b3137af24048afe188ff6dbd3f0, type: 2}
  m_IsPrefabParent: 0
--- !u!1001 &1567563125
Prefab:
  m_ObjectHideFlags: 0
  serializedVersion: 2
  m_Modification:
    m_TransformParent: {fileID: 850468931}
    m_Modifications:
    - target: {fileID: 439698, guid: 7df12b3137af24048afe188ff6dbd3f0, type: 2}
      propertyPath: m_LocalPosition.x
      value: 5
      objectReference: {fileID: 0}
    - target: {fileID: 439698, guid: 7df12b3137af24048afe188ff6dbd3f0, type: 2}
      propertyPath: m_LocalPosition.y
      value: 0
      objectReference: {fileID: 0}
    - target: {fileID: 439698, guid: 7df12b3137af24048afe188ff6dbd3f0, type: 2}
      propertyPath: m_LocalPosition.z
      value: -3
      objectReference: {fileID: 0}
    - target: {fileID: 439698, guid: 7df12b3137af24048afe188ff6dbd3f0, type: 2}
      propertyPath: m_LocalRotation.x
      value: 0
      objectReference: {fileID: 0}
    - target: {fileID: 439698, guid: 7df12b3137af24048afe188ff6dbd3f0, type: 2}
      propertyPath: m_LocalRotation.y
      value: 0
      objectReference: {fileID: 0}
    - target: {fileID: 439698, guid: 7df12b3137af24048afe188ff6dbd3f0, type: 2}
      propertyPath: m_LocalRotation.z
      value: 0
      objectReference: {fileID: 0}
    - target: {fileID: 439698, guid: 7df12b3137af24048afe188ff6dbd3f0, type: 2}
      propertyPath: m_LocalRotation.w
      value: 1
      objectReference: {fileID: 0}
    - target: {fileID: 439698, guid: 7df12b3137af24048afe188ff6dbd3f0, type: 2}
      propertyPath: m_RootOrder
      value: 0
      objectReference: {fileID: 0}
    - target: {fileID: 143440, guid: 7df12b3137af24048afe188ff6dbd3f0, type: 2}
      propertyPath: m_Name
      value: FloorPiece
      objectReference: {fileID: 0}
    m_RemovedComponents: []
  m_ParentPrefab: {fileID: 100100000, guid: 7df12b3137af24048afe188ff6dbd3f0, type: 2}
  m_IsPrefabParent: 0
--- !u!1001 &1595015256
Prefab:
  m_ObjectHideFlags: 0
  serializedVersion: 2
  m_Modification:
    m_TransformParent: {fileID: 850468931}
    m_Modifications:
    - target: {fileID: 444894, guid: 90c3305437d44a845aa291ce610c5def, type: 2}
      propertyPath: m_LocalPosition.x
      value: 5
      objectReference: {fileID: 0}
    - target: {fileID: 444894, guid: 90c3305437d44a845aa291ce610c5def, type: 2}
      propertyPath: m_LocalPosition.y
      value: 1
      objectReference: {fileID: 0}
    - target: {fileID: 444894, guid: 90c3305437d44a845aa291ce610c5def, type: 2}
      propertyPath: m_LocalPosition.z
      value: -3
      objectReference: {fileID: 0}
    - target: {fileID: 444894, guid: 90c3305437d44a845aa291ce610c5def, type: 2}
      propertyPath: m_LocalRotation.x
      value: 0
      objectReference: {fileID: 0}
    - target: {fileID: 444894, guid: 90c3305437d44a845aa291ce610c5def, type: 2}
      propertyPath: m_LocalRotation.y
      value: 0
      objectReference: {fileID: 0}
    - target: {fileID: 444894, guid: 90c3305437d44a845aa291ce610c5def, type: 2}
      propertyPath: m_LocalRotation.z
      value: 0
      objectReference: {fileID: 0}
    - target: {fileID: 444894, guid: 90c3305437d44a845aa291ce610c5def, type: 2}
      propertyPath: m_LocalRotation.w
      value: 1
      objectReference: {fileID: 0}
    - target: {fileID: 444894, guid: 90c3305437d44a845aa291ce610c5def, type: 2}
      propertyPath: m_RootOrder
      value: 10
      objectReference: {fileID: 0}
    - target: {fileID: 2327590, guid: 90c3305437d44a845aa291ce610c5def, type: 2}
      propertyPath: m_Materials.Array.data[0]
      value: 
      objectReference: {fileID: 2100000, guid: d01bb256ff78b844384fb06dab7a1c67, type: 2}
    m_RemovedComponents: []
  m_ParentPrefab: {fileID: 100100000, guid: 90c3305437d44a845aa291ce610c5def, type: 2}
  m_IsPrefabParent: 0
--- !u!1001 &1753585629
Prefab:
  m_ObjectHideFlags: 0
  serializedVersion: 2
  m_Modification:
    m_TransformParent: {fileID: 850468931}
    m_Modifications:
    - target: {fileID: 439698, guid: 7df12b3137af24048afe188ff6dbd3f0, type: 2}
      propertyPath: m_LocalPosition.x
      value: 5
      objectReference: {fileID: 0}
    - target: {fileID: 439698, guid: 7df12b3137af24048afe188ff6dbd3f0, type: 2}
      propertyPath: m_LocalPosition.y
      value: 0
      objectReference: {fileID: 0}
    - target: {fileID: 439698, guid: 7df12b3137af24048afe188ff6dbd3f0, type: 2}
      propertyPath: m_LocalPosition.z
      value: -1
      objectReference: {fileID: 0}
    - target: {fileID: 439698, guid: 7df12b3137af24048afe188ff6dbd3f0, type: 2}
      propertyPath: m_LocalRotation.x
      value: -0
      objectReference: {fileID: 0}
    - target: {fileID: 439698, guid: 7df12b3137af24048afe188ff6dbd3f0, type: 2}
      propertyPath: m_LocalRotation.y
      value: -0
      objectReference: {fileID: 0}
    - target: {fileID: 439698, guid: 7df12b3137af24048afe188ff6dbd3f0, type: 2}
      propertyPath: m_LocalRotation.z
      value: -0
      objectReference: {fileID: 0}
    - target: {fileID: 439698, guid: 7df12b3137af24048afe188ff6dbd3f0, type: 2}
      propertyPath: m_LocalRotation.w
      value: 1
      objectReference: {fileID: 0}
    - target: {fileID: 439698, guid: 7df12b3137af24048afe188ff6dbd3f0, type: 2}
      propertyPath: m_RootOrder
      value: 16
      objectReference: {fileID: 0}
    - target: {fileID: 143440, guid: 7df12b3137af24048afe188ff6dbd3f0, type: 2}
      propertyPath: m_Name
      value: FloorPiece (2)
      objectReference: {fileID: 0}
    m_RemovedComponents: []
  m_ParentPrefab: {fileID: 100100000, guid: 7df12b3137af24048afe188ff6dbd3f0, type: 2}
  m_IsPrefabParent: 0
--- !u!1001 &1809190360
Prefab:
  m_ObjectHideFlags: 0
  serializedVersion: 2
  m_Modification:
    m_TransformParent: {fileID: 850468931}
    m_Modifications:
    - target: {fileID: 4204252546244424, guid: 6ff1408e79ec99647be2942f16b53eeb, type: 2}
      propertyPath: m_LocalPosition.x
      value: 2
      objectReference: {fileID: 0}
    - target: {fileID: 4204252546244424, guid: 6ff1408e79ec99647be2942f16b53eeb, type: 2}
      propertyPath: m_LocalPosition.y
      value: 1
      objectReference: {fileID: 0}
    - target: {fileID: 4204252546244424, guid: 6ff1408e79ec99647be2942f16b53eeb, type: 2}
      propertyPath: m_LocalPosition.z
      value: 0
      objectReference: {fileID: 0}
    - target: {fileID: 4204252546244424, guid: 6ff1408e79ec99647be2942f16b53eeb, type: 2}
      propertyPath: m_LocalRotation.x
      value: 0
      objectReference: {fileID: 0}
    - target: {fileID: 4204252546244424, guid: 6ff1408e79ec99647be2942f16b53eeb, type: 2}
      propertyPath: m_LocalRotation.y
      value: 0.7071072
      objectReference: {fileID: 0}
    - target: {fileID: 4204252546244424, guid: 6ff1408e79ec99647be2942f16b53eeb, type: 2}
      propertyPath: m_LocalRotation.z
      value: 0
      objectReference: {fileID: 0}
    - target: {fileID: 4204252546244424, guid: 6ff1408e79ec99647be2942f16b53eeb, type: 2}
      propertyPath: m_LocalRotation.w
      value: 0.7071065
      objectReference: {fileID: 0}
    - target: {fileID: 4204252546244424, guid: 6ff1408e79ec99647be2942f16b53eeb, type: 2}
      propertyPath: m_RootOrder
      value: 15
      objectReference: {fileID: 0}
    - target: {fileID: 199522324465225368, guid: 6ff1408e79ec99647be2942f16b53eeb,
        type: 2}
      propertyPath: m_Materials.Array.data[0]
      value: 
      objectReference: {fileID: 10754, guid: 0000000000000000f000000000000000, type: 0}
    - target: {fileID: 198632331803187344, guid: 6ff1408e79ec99647be2942f16b53eeb,
        type: 2}
      propertyPath: randomSeed
      value: -861583001
      objectReference: {fileID: 0}
    - target: {fileID: 198632331803187344, guid: 6ff1408e79ec99647be2942f16b53eeb,
        type: 2}
      propertyPath: ColorModule.enabled
      value: 1
      objectReference: {fileID: 0}
    - target: {fileID: 198632331803187344, guid: 6ff1408e79ec99647be2942f16b53eeb,
        type: 2}
      propertyPath: InitialModule.startColor.maxColor.r
      value: 0.62352943
      objectReference: {fileID: 0}
    - target: {fileID: 198632331803187344, guid: 6ff1408e79ec99647be2942f16b53eeb,
        type: 2}
      propertyPath: InitialModule.startColor.maxColor.g
      value: 0.62352943
      objectReference: {fileID: 0}
    - target: {fileID: 198632331803187344, guid: 6ff1408e79ec99647be2942f16b53eeb,
        type: 2}
      propertyPath: InitialModule.startColor.maxColor.b
      value: 0.62352943
      objectReference: {fileID: 0}
    - target: {fileID: 4433350610481386, guid: 6ff1408e79ec99647be2942f16b53eeb, type: 2}
      propertyPath: m_LocalPosition.z
      value: 0
      objectReference: {fileID: 0}
    - target: {fileID: 4433350610481386, guid: 6ff1408e79ec99647be2942f16b53eeb, type: 2}
      propertyPath: m_RootOrder
      value: 15
      objectReference: {fileID: 0}
    - target: {fileID: 4433350610481386, guid: 6ff1408e79ec99647be2942f16b53eeb, type: 2}
      propertyPath: m_LocalPosition.x
      value: 2
      objectReference: {fileID: 0}
    m_RemovedComponents: []
  m_ParentPrefab: {fileID: 100100000, guid: 6ff1408e79ec99647be2942f16b53eeb, type: 2}
  m_IsPrefabParent: 0
--- !u!1001 &2015862512
Prefab:
  m_ObjectHideFlags: 0
  serializedVersion: 2
  m_Modification:
    m_TransformParent: {fileID: 0}
    m_Modifications:
    - target: {fileID: 443524, guid: c544e06eb44fab94c88d493acdcc1666, type: 2}
      propertyPath: m_LocalPosition.x
      value: 0
      objectReference: {fileID: 0}
    - target: {fileID: 443524, guid: c544e06eb44fab94c88d493acdcc1666, type: 2}
      propertyPath: m_LocalPosition.y
      value: 0
      objectReference: {fileID: 0}
    - target: {fileID: 443524, guid: c544e06eb44fab94c88d493acdcc1666, type: 2}
      propertyPath: m_LocalPosition.z
      value: 0
      objectReference: {fileID: 0}
    - target: {fileID: 443524, guid: c544e06eb44fab94c88d493acdcc1666, type: 2}
      propertyPath: m_LocalRotation.x
      value: 0
      objectReference: {fileID: 0}
    - target: {fileID: 443524, guid: c544e06eb44fab94c88d493acdcc1666, type: 2}
      propertyPath: m_LocalRotation.y
      value: 0
      objectReference: {fileID: 0}
    - target: {fileID: 443524, guid: c544e06eb44fab94c88d493acdcc1666, type: 2}
      propertyPath: m_LocalRotation.z
      value: 0
      objectReference: {fileID: 0}
    - target: {fileID: 443524, guid: c544e06eb44fab94c88d493acdcc1666, type: 2}
      propertyPath: m_LocalRotation.w
      value: 1
      objectReference: {fileID: 0}
    - target: {fileID: 443524, guid: c544e06eb44fab94c88d493acdcc1666, type: 2}
      propertyPath: m_RootOrder
      value: 1
      objectReference: {fileID: 0}
    - target: {fileID: 126416, guid: c544e06eb44fab94c88d493acdcc1666, type: 2}
      propertyPath: m_Name
      value: GridParent
      objectReference: {fileID: 0}
    m_RemovedComponents: []
  m_ParentPrefab: {fileID: 100100000, guid: c544e06eb44fab94c88d493acdcc1666, type: 2}
  m_IsPrefabParent: 0
--- !u!1001 &2073038873
Prefab:
  m_ObjectHideFlags: 0
  serializedVersion: 2
  m_Modification:
    m_TransformParent: {fileID: 0}
    m_Modifications:
    - target: {fileID: 489138, guid: 32fe0a59f2aae514c947b40255fba930, type: 2}
      propertyPath: m_LocalPosition.x
      value: 0
      objectReference: {fileID: 0}
    - target: {fileID: 489138, guid: 32fe0a59f2aae514c947b40255fba930, type: 2}
      propertyPath: m_LocalPosition.y
      value: 0
      objectReference: {fileID: 0}
    - target: {fileID: 489138, guid: 32fe0a59f2aae514c947b40255fba930, type: 2}
      propertyPath: m_LocalPosition.z
      value: 0
      objectReference: {fileID: 0}
    - target: {fileID: 489138, guid: 32fe0a59f2aae514c947b40255fba930, type: 2}
      propertyPath: m_LocalRotation.x
      value: 0
      objectReference: {fileID: 0}
    - target: {fileID: 489138, guid: 32fe0a59f2aae514c947b40255fba930, type: 2}
      propertyPath: m_LocalRotation.y
      value: 0
      objectReference: {fileID: 0}
    - target: {fileID: 489138, guid: 32fe0a59f2aae514c947b40255fba930, type: 2}
      propertyPath: m_LocalRotation.z
      value: 0
      objectReference: {fileID: 0}
    - target: {fileID: 489138, guid: 32fe0a59f2aae514c947b40255fba930, type: 2}
      propertyPath: m_LocalRotation.w
      value: 1
      objectReference: {fileID: 0}
    - target: {fileID: 489138, guid: 32fe0a59f2aae514c947b40255fba930, type: 2}
      propertyPath: m_RootOrder
      value: 0
      objectReference: {fileID: 0}
    - target: {fileID: 11452706, guid: 32fe0a59f2aae514c947b40255fba930, type: 2}
      propertyPath: gridWidth
      value: 0
      objectReference: {fileID: 0}
    - target: {fileID: 11452706, guid: 32fe0a59f2aae514c947b40255fba930, type: 2}
      propertyPath: gridHeight
      value: 0
      objectReference: {fileID: 0}
    - target: {fileID: 11452706, guid: 32fe0a59f2aae514c947b40255fba930, type: 2}
      propertyPath: playerStartPositionX
      value: 0
      objectReference: {fileID: 0}
    - target: {fileID: 11452706, guid: 32fe0a59f2aae514c947b40255fba930, type: 2}
      propertyPath: playerStartPositionZ
      value: 0
      objectReference: {fileID: 0}
    - target: {fileID: 11452706, guid: 32fe0a59f2aae514c947b40255fba930, type: 2}
      propertyPath: gridStartPositionX
      value: 0
      objectReference: {fileID: 0}
    - target: {fileID: 11452706, guid: 32fe0a59f2aae514c947b40255fba930, type: 2}
      propertyPath: gridStartPositionZ
      value: 0
      objectReference: {fileID: 0}
    - target: {fileID: 138506, guid: 32fe0a59f2aae514c947b40255fba930, type: 2}
      propertyPath: m_IsActive
      value: 1
      objectReference: {fileID: 0}
    - target: {fileID: 136976, guid: 32fe0a59f2aae514c947b40255fba930, type: 2}
      propertyPath: m_IsActive
      value: 0
      objectReference: {fileID: 0}
    - target: {fileID: 120078, guid: 32fe0a59f2aae514c947b40255fba930, type: 2}
      propertyPath: m_IsActive
      value: 1
      objectReference: {fileID: 0}
    - target: {fileID: 1662749179012182, guid: 32fe0a59f2aae514c947b40255fba930, type: 2}
      propertyPath: m_IsActive
      value: 0
      objectReference: {fileID: 0}
    m_RemovedComponents: []
  m_ParentPrefab: {fileID: 100100000, guid: 32fe0a59f2aae514c947b40255fba930, type: 2}
  m_IsPrefabParent: 0
