%YAML 1.1
%TAG !u! tag:unity3d.com,2011:
--- !u!29 &1
OcclusionCullingSettings:
  m_ObjectHideFlags: 0
  serializedVersion: 2
  m_OcclusionBakeSettings:
    smallestOccluder: 5
    smallestHole: 0.25
    backfaceThreshold: 100
  m_SceneGUID: 00000000000000000000000000000000
  m_OcclusionCullingData: {fileID: 0}
--- !u!104 &2
RenderSettings:
  m_ObjectHideFlags: 0
  serializedVersion: 7
  m_Fog: 0
  m_FogColor: {r: 0.5, g: 0.5, b: 0.5, a: 1}
  m_FogMode: 3
  m_FogDensity: 0.01
  m_LinearFogStart: 0
  m_LinearFogEnd: 300
  m_AmbientSkyColor: {r: 0.212, g: 0.227, b: 0.259, a: 1}
  m_AmbientEquatorColor: {r: 0.114, g: 0.125, b: 0.133, a: 1}
  m_AmbientGroundColor: {r: 0.047, g: 0.043, b: 0.035, a: 1}
  m_AmbientIntensity: 1
  m_AmbientMode: 0
  m_SkyboxMaterial: {fileID: 10304, guid: 0000000000000000f000000000000000, type: 0}
  m_HaloStrength: 0.5
  m_FlareStrength: 1
  m_FlareFadeSpeed: 3
  m_HaloTexture: {fileID: 0}
  m_SpotCookie: {fileID: 10001, guid: 0000000000000000e000000000000000, type: 0}
  m_DefaultReflectionMode: 0
  m_DefaultReflectionResolution: 128
  m_ReflectionBounces: 1
  m_ReflectionIntensity: 1
  m_CustomReflection: {fileID: 0}
  m_Sun: {fileID: 0}
  m_IndirectSpecularColor: {r: 0.44657868, g: 0.49641263, b: 0.5748166, a: 1}
--- !u!157 &3
LightmapSettings:
  m_ObjectHideFlags: 0
  serializedVersion: 7
  m_GIWorkflowMode: 0
  m_GISettings:
    serializedVersion: 2
    m_BounceScale: 1
    m_IndirectOutputScale: 1
    m_AlbedoBoost: 1
    m_TemporalCoherenceThreshold: 1
    m_EnvironmentLightingMode: 0
    m_EnableBakedLightmaps: 1
    m_EnableRealtimeLightmaps: 1
  m_LightmapEditorSettings:
    serializedVersion: 4
    m_Resolution: 2
    m_BakeResolution: 40
    m_TextureWidth: 1024
    m_TextureHeight: 1024
    m_AO: 0
    m_AOMaxDistance: 1
    m_CompAOExponent: 0
    m_CompAOExponentDirect: 0
    m_Padding: 2
    m_LightmapParameters: {fileID: 0}
    m_LightmapsBakeMode: 1
    m_TextureCompression: 1
    m_DirectLightInLightProbes: 1
    m_FinalGather: 0
    m_FinalGatherFiltering: 1
    m_FinalGatherRayCount: 1024
    m_ReflectionCompression: 2
  m_LightingDataAsset: {fileID: 0}
  m_RuntimeCPUUsage: 25
--- !u!196 &4
NavMeshSettings:
  serializedVersion: 2
  m_ObjectHideFlags: 0
  m_BuildSettings:
    serializedVersion: 2
    agentTypeID: 0
    agentRadius: 0.5
    agentHeight: 2
    agentSlope: 45
    agentClimb: 0.4
    ledgeDropHeight: 0
    maxJumpAcrossDistance: 0
    minRegionArea: 2
    manualCellSize: 0
    cellSize: 0.16666667
    accuratePlacement: 0
  m_NavMeshData: {fileID: 0}
--- !u!1001 &287283597
Prefab:
  m_ObjectHideFlags: 0
  serializedVersion: 2
  m_Modification:
    m_TransformParent: {fileID: 850468931}
    m_Modifications:
    - target: {fileID: 439698, guid: 7df12b3137af24048afe188ff6dbd3f0, type: 2}
      propertyPath: m_LocalPosition.x
      value: 5
      objectReference: {fileID: 0}
    - target: {fileID: 439698, guid: 7df12b3137af24048afe188ff6dbd3f0, type: 2}
      propertyPath: m_LocalPosition.y
      value: -0
      objectReference: {fileID: 0}
    - target: {fileID: 439698, guid: 7df12b3137af24048afe188ff6dbd3f0, type: 2}
      propertyPath: m_LocalPosition.z
      value: 1
      objectReference: {fileID: 0}
    - target: {fileID: 439698, guid: 7df12b3137af24048afe188ff6dbd3f0, type: 2}
      propertyPath: m_LocalRotation.x
      value: -0
      objectReference: {fileID: 0}
    - target: {fileID: 439698, guid: 7df12b3137af24048afe188ff6dbd3f0, type: 2}
      propertyPath: m_LocalRotation.y
      value: -0
      objectReference: {fileID: 0}
    - target: {fileID: 439698, guid: 7df12b3137af24048afe188ff6dbd3f0, type: 2}
      propertyPath: m_LocalRotation.z
      value: -0
      objectReference: {fileID: 0}
    - target: {fileID: 439698, guid: 7df12b3137af24048afe188ff6dbd3f0, type: 2}
      propertyPath: m_LocalRotation.w
      value: 1
      objectReference: {fileID: 0}
    - target: {fileID: 439698, guid: 7df12b3137af24048afe188ff6dbd3f0, type: 2}
      propertyPath: m_RootOrder
      value: 14
      objectReference: {fileID: 0}
    - target: {fileID: 143440, guid: 7df12b3137af24048afe188ff6dbd3f0, type: 2}
      propertyPath: m_Name
      value: FloorPiece (9)
      objectReference: {fileID: 0}
    m_RemovedComponents: []
  m_ParentPrefab: {fileID: 100100000, guid: 7df12b3137af24048afe188ff6dbd3f0, type: 2}
  m_IsPrefabParent: 0
--- !u!1001 &311051912
Prefab:
  m_ObjectHideFlags: 0
  serializedVersion: 2
  m_Modification:
    m_TransformParent: {fileID: 850468931}
    m_Modifications:
    - target: {fileID: 439698, guid: 7df12b3137af24048afe188ff6dbd3f0, type: 2}
      propertyPath: m_LocalPosition.x
      value: 3
      objectReference: {fileID: 0}
    - target: {fileID: 439698, guid: 7df12b3137af24048afe188ff6dbd3f0, type: 2}
      propertyPath: m_LocalPosition.y
      value: -0
      objectReference: {fileID: 0}
    - target: {fileID: 439698, guid: 7df12b3137af24048afe188ff6dbd3f0, type: 2}
      propertyPath: m_LocalPosition.z
      value: 2
      objectReference: {fileID: 0}
    - target: {fileID: 439698, guid: 7df12b3137af24048afe188ff6dbd3f0, type: 2}
      propertyPath: m_LocalRotation.x
      value: -0
      objectReference: {fileID: 0}
    - target: {fileID: 439698, guid: 7df12b3137af24048afe188ff6dbd3f0, type: 2}
      propertyPath: m_LocalRotation.y
      value: -0
      objectReference: {fileID: 0}
    - target: {fileID: 439698, guid: 7df12b3137af24048afe188ff6dbd3f0, type: 2}
      propertyPath: m_LocalRotation.z
      value: -0
      objectReference: {fileID: 0}
    - target: {fileID: 439698, guid: 7df12b3137af24048afe188ff6dbd3f0, type: 2}
      propertyPath: m_LocalRotation.w
      value: 1
      objectReference: {fileID: 0}
    - target: {fileID: 439698, guid: 7df12b3137af24048afe188ff6dbd3f0, type: 2}
      propertyPath: m_RootOrder
      value: 11
      objectReference: {fileID: 0}
    - target: {fileID: 143440, guid: 7df12b3137af24048afe188ff6dbd3f0, type: 2}
      propertyPath: m_Name
      value: FloorPiece (5)
      objectReference: {fileID: 0}
    m_RemovedComponents: []
  m_ParentPrefab: {fileID: 100100000, guid: 7df12b3137af24048afe188ff6dbd3f0, type: 2}
  m_IsPrefabParent: 0
--- !u!1001 &460332067
Prefab:
  m_ObjectHideFlags: 0
  serializedVersion: 2
  m_Modification:
    m_TransformParent: {fileID: 0}
    m_Modifications:
    - target: {fileID: 489138, guid: 32fe0a59f2aae514c947b40255fba930, type: 2}
      propertyPath: m_LocalPosition.x
      value: -1
      objectReference: {fileID: 0}
    - target: {fileID: 489138, guid: 32fe0a59f2aae514c947b40255fba930, type: 2}
      propertyPath: m_LocalPosition.y
      value: 0
      objectReference: {fileID: 0}
    - target: {fileID: 489138, guid: 32fe0a59f2aae514c947b40255fba930, type: 2}
      propertyPath: m_LocalPosition.z
      value: 0
      objectReference: {fileID: 0}
    - target: {fileID: 489138, guid: 32fe0a59f2aae514c947b40255fba930, type: 2}
      propertyPath: m_LocalRotation.x
      value: 0
      objectReference: {fileID: 0}
    - target: {fileID: 489138, guid: 32fe0a59f2aae514c947b40255fba930, type: 2}
      propertyPath: m_LocalRotation.y
      value: 0
      objectReference: {fileID: 0}
    - target: {fileID: 489138, guid: 32fe0a59f2aae514c947b40255fba930, type: 2}
      propertyPath: m_LocalRotation.z
      value: 0
      objectReference: {fileID: 0}
    - target: {fileID: 489138, guid: 32fe0a59f2aae514c947b40255fba930, type: 2}
      propertyPath: m_LocalRotation.w
      value: 1
      objectReference: {fileID: 0}
    - target: {fileID: 489138, guid: 32fe0a59f2aae514c947b40255fba930, type: 2}
      propertyPath: m_RootOrder
      value: 0
      objectReference: {fileID: 0}
    - target: {fileID: 136976, guid: 32fe0a59f2aae514c947b40255fba930, type: 2}
      propertyPath: m_IsActive
      value: 1
      objectReference: {fileID: 0}
    - target: {fileID: 191438, guid: 32fe0a59f2aae514c947b40255fba930, type: 2}
      propertyPath: m_IsActive
      value: 1
      objectReference: {fileID: 0}
    - target: {fileID: 120078, guid: 32fe0a59f2aae514c947b40255fba930, type: 2}
      propertyPath: m_IsActive
      value: 1
      objectReference: {fileID: 0}
    m_RemovedComponents: []
  m_ParentPrefab: {fileID: 100100000, guid: 32fe0a59f2aae514c947b40255fba930, type: 2}
  m_IsPrefabParent: 0
--- !u!1001 &679528732
Prefab:
  m_ObjectHideFlags: 0
  serializedVersion: 2
  m_Modification:
    m_TransformParent: {fileID: 850468931}
    m_Modifications:
    - target: {fileID: 439698, guid: 7df12b3137af24048afe188ff6dbd3f0, type: 2}
      propertyPath: m_LocalPosition.x
      value: 3
      objectReference: {fileID: 0}
    - target: {fileID: 439698, guid: 7df12b3137af24048afe188ff6dbd3f0, type: 2}
      propertyPath: m_LocalPosition.y
      value: 0
      objectReference: {fileID: 0}
    - target: {fileID: 439698, guid: 7df12b3137af24048afe188ff6dbd3f0, type: 2}
      propertyPath: m_LocalPosition.z
      value: 3
      objectReference: {fileID: 0}
    - target: {fileID: 439698, guid: 7df12b3137af24048afe188ff6dbd3f0, type: 2}
      propertyPath: m_LocalRotation.x
      value: -0
      objectReference: {fileID: 0}
    - target: {fileID: 439698, guid: 7df12b3137af24048afe188ff6dbd3f0, type: 2}
      propertyPath: m_LocalRotation.y
      value: -0
      objectReference: {fileID: 0}
    - target: {fileID: 439698, guid: 7df12b3137af24048afe188ff6dbd3f0, type: 2}
      propertyPath: m_LocalRotation.z
      value: -0
      objectReference: {fileID: 0}
    - target: {fileID: 439698, guid: 7df12b3137af24048afe188ff6dbd3f0, type: 2}
      propertyPath: m_LocalRotation.w
      value: 1
      objectReference: {fileID: 0}
    - target: {fileID: 439698, guid: 7df12b3137af24048afe188ff6dbd3f0, type: 2}
      propertyPath: m_RootOrder
      value: 20
      objectReference: {fileID: 0}
    - target: {fileID: 143440, guid: 7df12b3137af24048afe188ff6dbd3f0, type: 2}
      propertyPath: m_Name
      value: FloorPiece (14)
      objectReference: {fileID: 0}
    m_RemovedComponents: []
  m_ParentPrefab: {fileID: 100100000, guid: 7df12b3137af24048afe188ff6dbd3f0, type: 2}
  m_IsPrefabParent: 0
--- !u!1001 &718869495
Prefab:
  m_ObjectHideFlags: 0
  serializedVersion: 2
  m_Modification:
    m_TransformParent: {fileID: 850468931}
    m_Modifications:
    - target: {fileID: 439698, guid: 7df12b3137af24048afe188ff6dbd3f0, type: 2}
      propertyPath: m_LocalPosition.x
      value: 7
      objectReference: {fileID: 0}
    - target: {fileID: 439698, guid: 7df12b3137af24048afe188ff6dbd3f0, type: 2}
      propertyPath: m_LocalPosition.y
      value: 0
      objectReference: {fileID: 0}
    - target: {fileID: 439698, guid: 7df12b3137af24048afe188ff6dbd3f0, type: 2}
      propertyPath: m_LocalPosition.z
      value: 0
      objectReference: {fileID: 0}
    - target: {fileID: 439698, guid: 7df12b3137af24048afe188ff6dbd3f0, type: 2}
      propertyPath: m_LocalRotation.x
      value: -0
      objectReference: {fileID: 0}
    - target: {fileID: 439698, guid: 7df12b3137af24048afe188ff6dbd3f0, type: 2}
      propertyPath: m_LocalRotation.y
      value: -0
      objectReference: {fileID: 0}
    - target: {fileID: 439698, guid: 7df12b3137af24048afe188ff6dbd3f0, type: 2}
      propertyPath: m_LocalRotation.z
      value: -0
      objectReference: {fileID: 0}
    - target: {fileID: 439698, guid: 7df12b3137af24048afe188ff6dbd3f0, type: 2}
      propertyPath: m_LocalRotation.w
      value: 1
      objectReference: {fileID: 0}
    - target: {fileID: 439698, guid: 7df12b3137af24048afe188ff6dbd3f0, type: 2}
      propertyPath: m_RootOrder
      value: 18
      objectReference: {fileID: 0}
    - target: {fileID: 143440, guid: 7df12b3137af24048afe188ff6dbd3f0, type: 2}
      propertyPath: m_Name
      value: FloorPiece (12)
      objectReference: {fileID: 0}
    m_RemovedComponents: []
  m_ParentPrefab: {fileID: 100100000, guid: 7df12b3137af24048afe188ff6dbd3f0, type: 2}
  m_IsPrefabParent: 0
--- !u!1001 &775666052
Prefab:
  m_ObjectHideFlags: 0
  serializedVersion: 2
  m_Modification:
    m_TransformParent: {fileID: 850468931}
    m_Modifications:
    - target: {fileID: 439698, guid: 7df12b3137af24048afe188ff6dbd3f0, type: 2}
      propertyPath: m_LocalPosition.x
      value: 6
      objectReference: {fileID: 0}
    - target: {fileID: 439698, guid: 7df12b3137af24048afe188ff6dbd3f0, type: 2}
      propertyPath: m_LocalPosition.y
      value: 0
      objectReference: {fileID: 0}
    - target: {fileID: 439698, guid: 7df12b3137af24048afe188ff6dbd3f0, type: 2}
      propertyPath: m_LocalPosition.z
      value: 0
      objectReference: {fileID: 0}
    - target: {fileID: 439698, guid: 7df12b3137af24048afe188ff6dbd3f0, type: 2}
      propertyPath: m_LocalRotation.x
      value: -0
      objectReference: {fileID: 0}
    - target: {fileID: 439698, guid: 7df12b3137af24048afe188ff6dbd3f0, type: 2}
      propertyPath: m_LocalRotation.y
      value: -0
      objectReference: {fileID: 0}
    - target: {fileID: 439698, guid: 7df12b3137af24048afe188ff6dbd3f0, type: 2}
      propertyPath: m_LocalRotation.z
      value: -0
      objectReference: {fileID: 0}
    - target: {fileID: 439698, guid: 7df12b3137af24048afe188ff6dbd3f0, type: 2}
      propertyPath: m_LocalRotation.w
      value: 1
      objectReference: {fileID: 0}
    - target: {fileID: 439698, guid: 7df12b3137af24048afe188ff6dbd3f0, type: 2}
      propertyPath: m_RootOrder
      value: 13
      objectReference: {fileID: 0}
    - target: {fileID: 143440, guid: 7df12b3137af24048afe188ff6dbd3f0, type: 2}
      propertyPath: m_Name
      value: FloorPiece (8)
      objectReference: {fileID: 0}
    m_RemovedComponents: []
  m_ParentPrefab: {fileID: 100100000, guid: 7df12b3137af24048afe188ff6dbd3f0, type: 2}
  m_IsPrefabParent: 0
--- !u!1001 &815676277
Prefab:
  m_ObjectHideFlags: 0
  serializedVersion: 2
  m_Modification:
    m_TransformParent: {fileID: 850468931}
    m_Modifications:
    - target: {fileID: 449920, guid: 84694bd2b85cbc94ebfbd2bbd84d836e, type: 2}
      propertyPath: m_LocalPosition.x
      value: 3
      objectReference: {fileID: 0}
    - target: {fileID: 449920, guid: 84694bd2b85cbc94ebfbd2bbd84d836e, type: 2}
      propertyPath: m_LocalPosition.y
      value: 1
      objectReference: {fileID: 0}
    - target: {fileID: 449920, guid: 84694bd2b85cbc94ebfbd2bbd84d836e, type: 2}
      propertyPath: m_LocalPosition.z
      value: 3
      objectReference: {fileID: 0}
    - target: {fileID: 449920, guid: 84694bd2b85cbc94ebfbd2bbd84d836e, type: 2}
      propertyPath: m_LocalRotation.x
      value: 0.49999958
      objectReference: {fileID: 0}
    - target: {fileID: 449920, guid: 84694bd2b85cbc94ebfbd2bbd84d836e, type: 2}
      propertyPath: m_LocalRotation.y
      value: -0.5000006
      objectReference: {fileID: 0}
    - target: {fileID: 449920, guid: 84694bd2b85cbc94ebfbd2bbd84d836e, type: 2}
      propertyPath: m_LocalRotation.z
      value: 0.49999964
      objectReference: {fileID: 0}
    - target: {fileID: 449920, guid: 84694bd2b85cbc94ebfbd2bbd84d836e, type: 2}
      propertyPath: m_LocalRotation.w
      value: -0.5000002
      objectReference: {fileID: 0}
    - target: {fileID: 449920, guid: 84694bd2b85cbc94ebfbd2bbd84d836e, type: 2}
      propertyPath: m_RootOrder
      value: 9
      objectReference: {fileID: 0}
    - target: {fileID: 449920, guid: 84694bd2b85cbc94ebfbd2bbd84d836e, type: 2}
      propertyPath: m_LocalEulerAnglesHint.x
      value: 0
      objectReference: {fileID: 0}
    - target: {fileID: 449920, guid: 84694bd2b85cbc94ebfbd2bbd84d836e, type: 2}
      propertyPath: m_LocalEulerAnglesHint.y
      value: 90.00001
      objectReference: {fileID: 0}
    - target: {fileID: 449920, guid: 84694bd2b85cbc94ebfbd2bbd84d836e, type: 2}
      propertyPath: m_LocalEulerAnglesHint.z
      value: -90.00001
      objectReference: {fileID: 0}
    - target: {fileID: 197084, guid: 84694bd2b85cbc94ebfbd2bbd84d836e, type: 2}
      propertyPath: m_Name
      value: Deflector (1)
      objectReference: {fileID: 0}
    m_RemovedComponents: []
  m_ParentPrefab: {fileID: 100100000, guid: 84694bd2b85cbc94ebfbd2bbd84d836e, type: 2}
  m_IsPrefabParent: 0
--- !u!4 &850468931 stripped
Transform:
  m_PrefabParentObject: {fileID: 443524, guid: c544e06eb44fab94c88d493acdcc1666, type: 2}
  m_PrefabInternal: {fileID: 2015862512}
--- !u!1001 &860905268
Prefab:
  m_ObjectHideFlags: 0
  serializedVersion: 2
  m_Modification:
    m_TransformParent: {fileID: 850468931}
    m_Modifications:
    - target: {fileID: 439698, guid: 7df12b3137af24048afe188ff6dbd3f0, type: 2}
      propertyPath: m_LocalPosition.x
      value: 2
      objectReference: {fileID: 0}
    - target: {fileID: 439698, guid: 7df12b3137af24048afe188ff6dbd3f0, type: 2}
      propertyPath: m_LocalPosition.y
      value: 0
      objectReference: {fileID: 0}
    - target: {fileID: 439698, guid: 7df12b3137af24048afe188ff6dbd3f0, type: 2}
      propertyPath: m_LocalPosition.z
      value: 0
      objectReference: {fileID: 0}
    - target: {fileID: 439698, guid: 7df12b3137af24048afe188ff6dbd3f0, type: 2}
      propertyPath: m_LocalRotation.x
      value: -0
      objectReference: {fileID: 0}
    - target: {fileID: 439698, guid: 7df12b3137af24048afe188ff6dbd3f0, type: 2}
      propertyPath: m_LocalRotation.y
      value: -0
      objectReference: {fileID: 0}
    - target: {fileID: 439698, guid: 7df12b3137af24048afe188ff6dbd3f0, type: 2}
      propertyPath: m_LocalRotation.z
      value: -0
      objectReference: {fileID: 0}
    - target: {fileID: 439698, guid: 7df12b3137af24048afe188ff6dbd3f0, type: 2}
      propertyPath: m_LocalRotation.w
      value: 1
      objectReference: {fileID: 0}
    - target: {fileID: 439698, guid: 7df12b3137af24048afe188ff6dbd3f0, type: 2}
      propertyPath: m_RootOrder
      value: 16
      objectReference: {fileID: 0}
    - target: {fileID: 143440, guid: 7df12b3137af24048afe188ff6dbd3f0, type: 2}
      propertyPath: m_Name
      value: FloorPiece (3)
      objectReference: {fileID: 0}
    m_RemovedComponents: []
  m_ParentPrefab: {fileID: 100100000, guid: 7df12b3137af24048afe188ff6dbd3f0, type: 2}
  m_IsPrefabParent: 0
--- !u!1001 &1003648034
Prefab:
  m_ObjectHideFlags: 0
  serializedVersion: 2
  m_Modification:
    m_TransformParent: {fileID: 850468931}
    m_Modifications:
    - target: {fileID: 439698, guid: 7df12b3137af24048afe188ff6dbd3f0, type: 2}
      propertyPath: m_LocalPosition.x
      value: 1
      objectReference: {fileID: 0}
    - target: {fileID: 439698, guid: 7df12b3137af24048afe188ff6dbd3f0, type: 2}
      propertyPath: m_LocalPosition.y
      value: 0
      objectReference: {fileID: 0}
    - target: {fileID: 439698, guid: 7df12b3137af24048afe188ff6dbd3f0, type: 2}
      propertyPath: m_LocalPosition.z
      value: 0
      objectReference: {fileID: 0}
    - target: {fileID: 439698, guid: 7df12b3137af24048afe188ff6dbd3f0, type: 2}
      propertyPath: m_LocalRotation.x
      value: 0
      objectReference: {fileID: 0}
    - target: {fileID: 439698, guid: 7df12b3137af24048afe188ff6dbd3f0, type: 2}
      propertyPath: m_LocalRotation.y
      value: 0
      objectReference: {fileID: 0}
    - target: {fileID: 439698, guid: 7df12b3137af24048afe188ff6dbd3f0, type: 2}
      propertyPath: m_LocalRotation.z
      value: 0
      objectReference: {fileID: 0}
    - target: {fileID: 439698, guid: 7df12b3137af24048afe188ff6dbd3f0, type: 2}
      propertyPath: m_LocalRotation.w
      value: 1
      objectReference: {fileID: 0}
    - target: {fileID: 439698, guid: 7df12b3137af24048afe188ff6dbd3f0, type: 2}
      propertyPath: m_RootOrder
      value: 1
      objectReference: {fileID: 0}
    - target: {fileID: 143440, guid: 7df12b3137af24048afe188ff6dbd3f0, type: 2}
      propertyPath: m_Name
      value: FloorPiece
      objectReference: {fileID: 0}
    m_RemovedComponents: []
  m_ParentPrefab: {fileID: 100100000, guid: 7df12b3137af24048afe188ff6dbd3f0, type: 2}
  m_IsPrefabParent: 0
--- !u!1001 &1107839330
Prefab:
  m_ObjectHideFlags: 0
  serializedVersion: 2
  m_Modification:
    m_TransformParent: {fileID: 850468931}
    m_Modifications:
    - target: {fileID: 457880, guid: 238945ab5fea011449aaeb4abf9696f3, type: 2}
      propertyPath: m_LocalPosition.x
      value: 3
      objectReference: {fileID: 0}
    - target: {fileID: 457880, guid: 238945ab5fea011449aaeb4abf9696f3, type: 2}
      propertyPath: m_LocalPosition.y
      value: 0.55
      objectReference: {fileID: 0}
    - target: {fileID: 457880, guid: 238945ab5fea011449aaeb4abf9696f3, type: 2}
      propertyPath: m_LocalPosition.z
      value: 0
      objectReference: {fileID: 0}
    - target: {fileID: 457880, guid: 238945ab5fea011449aaeb4abf9696f3, type: 2}
      propertyPath: m_LocalRotation.x
      value: 0
      objectReference: {fileID: 0}
    - target: {fileID: 457880, guid: 238945ab5fea011449aaeb4abf9696f3, type: 2}
      propertyPath: m_LocalRotation.y
      value: 0
      objectReference: {fileID: 0}
    - target: {fileID: 457880, guid: 238945ab5fea011449aaeb4abf9696f3, type: 2}
      propertyPath: m_LocalRotation.z
      value: 0
      objectReference: {fileID: 0}
    - target: {fileID: 457880, guid: 238945ab5fea011449aaeb4abf9696f3, type: 2}
      propertyPath: m_LocalRotation.w
      value: 1
      objectReference: {fileID: 0}
    - target: {fileID: 457880, guid: 238945ab5fea011449aaeb4abf9696f3, type: 2}
      propertyPath: m_RootOrder
      value: 5
      objectReference: {fileID: 0}
    m_RemovedComponents:
    - {fileID: 0}
  m_ParentPrefab: {fileID: 100100000, guid: 238945ab5fea011449aaeb4abf9696f3, type: 2}
  m_IsPrefabParent: 0
--- !u!1001 &1160535131
Prefab:
  m_ObjectHideFlags: 0
  serializedVersion: 2
  m_Modification:
    m_TransformParent: {fileID: 850468931}
    m_Modifications:
    - target: {fileID: 473968, guid: 70941f3ab44a5de49a1dfe4aea421dca, type: 2}
      propertyPath: m_LocalPosition.x
      value: -2
      objectReference: {fileID: 0}
    - target: {fileID: 473968, guid: 70941f3ab44a5de49a1dfe4aea421dca, type: 2}
      propertyPath: m_LocalPosition.y
      value: 1
      objectReference: {fileID: 0}
    - target: {fileID: 473968, guid: 70941f3ab44a5de49a1dfe4aea421dca, type: 2}
      propertyPath: m_LocalPosition.z
      value: 0
      objectReference: {fileID: 0}
    - target: {fileID: 473968, guid: 70941f3ab44a5de49a1dfe4aea421dca, type: 2}
      propertyPath: m_LocalRotation.x
      value: -0
      objectReference: {fileID: 0}
    - target: {fileID: 473968, guid: 70941f3ab44a5de49a1dfe4aea421dca, type: 2}
      propertyPath: m_LocalRotation.y
      value: -0.7071067
      objectReference: {fileID: 0}
    - target: {fileID: 473968, guid: 70941f3ab44a5de49a1dfe4aea421dca, type: 2}
      propertyPath: m_LocalRotation.z
      value: -0
      objectReference: {fileID: 0}
    - target: {fileID: 473968, guid: 70941f3ab44a5de49a1dfe4aea421dca, type: 2}
      propertyPath: m_LocalRotation.w
      value: -0.70710695
      objectReference: {fileID: 0}
    - target: {fileID: 473968, guid: 70941f3ab44a5de49a1dfe4aea421dca, type: 2}
      propertyPath: m_RootOrder
      value: 3
      objectReference: {fileID: 0}
    m_RemovedComponents: []
  m_ParentPrefab: {fileID: 100100000, guid: 70941f3ab44a5de49a1dfe4aea421dca, type: 2}
  m_IsPrefabParent: 0
--- !u!1001 &1224310825
Prefab:
  m_ObjectHideFlags: 0
  serializedVersion: 2
  m_Modification:
    m_TransformParent: {fileID: 850468931}
    m_Modifications:
    - target: {fileID: 439698, guid: 7df12b3137af24048afe188ff6dbd3f0, type: 2}
      propertyPath: m_LocalPosition.x
      value: 3
      objectReference: {fileID: 0}
    - target: {fileID: 439698, guid: 7df12b3137af24048afe188ff6dbd3f0, type: 2}
      propertyPath: m_LocalPosition.y
      value: 0
      objectReference: {fileID: 0}
    - target: {fileID: 439698, guid: 7df12b3137af24048afe188ff6dbd3f0, type: 2}
      propertyPath: m_LocalPosition.z
      value: 0
      objectReference: {fileID: 0}
    - target: {fileID: 439698, guid: 7df12b3137af24048afe188ff6dbd3f0, type: 2}
      propertyPath: m_LocalRotation.x
      value: -0
      objectReference: {fileID: 0}
    - target: {fileID: 439698, guid: 7df12b3137af24048afe188ff6dbd3f0, type: 2}
      propertyPath: m_LocalRotation.y
      value: -0
      objectReference: {fileID: 0}
    - target: {fileID: 439698, guid: 7df12b3137af24048afe188ff6dbd3f0, type: 2}
      propertyPath: m_LocalRotation.z
      value: -0
      objectReference: {fileID: 0}
    - target: {fileID: 439698, guid: 7df12b3137af24048afe188ff6dbd3f0, type: 2}
      propertyPath: m_LocalRotation.w
      value: 1
      objectReference: {fileID: 0}
    - target: {fileID: 439698, guid: 7df12b3137af24048afe188ff6dbd3f0, type: 2}
      propertyPath: m_RootOrder
      value: 7
      objectReference: {fileID: 0}
    - target: {fileID: 143440, guid: 7df12b3137af24048afe188ff6dbd3f0, type: 2}
      propertyPath: m_Name
      value: FloorPiece (2)
      objectReference: {fileID: 0}
    m_RemovedComponents: []
  m_ParentPrefab: {fileID: 100100000, guid: 7df12b3137af24048afe188ff6dbd3f0, type: 2}
  m_IsPrefabParent: 0
--- !u!1001 &1291931628
Prefab:
  m_ObjectHideFlags: 0
  serializedVersion: 2
  m_Modification:
    m_TransformParent: {fileID: 850468931}
    m_Modifications:
    - target: {fileID: 439698, guid: 7df12b3137af24048afe188ff6dbd3f0, type: 2}
      propertyPath: m_LocalPosition.x
      value: 5
      objectReference: {fileID: 0}
    - target: {fileID: 439698, guid: 7df12b3137af24048afe188ff6dbd3f0, type: 2}
      propertyPath: m_LocalPosition.y
      value: 0
      objectReference: {fileID: 0}
    - target: {fileID: 439698, guid: 7df12b3137af24048afe188ff6dbd3f0, type: 2}
      propertyPath: m_LocalPosition.z
      value: 0
      objectReference: {fileID: 0}
    - target: {fileID: 439698, guid: 7df12b3137af24048afe188ff6dbd3f0, type: 2}
      propertyPath: m_LocalRotation.x
      value: -0
      objectReference: {fileID: 0}
    - target: {fileID: 439698, guid: 7df12b3137af24048afe188ff6dbd3f0, type: 2}
      propertyPath: m_LocalRotation.y
      value: -0
      objectReference: {fileID: 0}
    - target: {fileID: 439698, guid: 7df12b3137af24048afe188ff6dbd3f0, type: 2}
      propertyPath: m_LocalRotation.z
      value: -0
      objectReference: {fileID: 0}
    - target: {fileID: 439698, guid: 7df12b3137af24048afe188ff6dbd3f0, type: 2}
      propertyPath: m_LocalRotation.w
      value: 1
      objectReference: {fileID: 0}
    - target: {fileID: 439698, guid: 7df12b3137af24048afe188ff6dbd3f0, type: 2}
      propertyPath: m_RootOrder
      value: 17
      objectReference: {fileID: 0}
    - target: {fileID: 143440, guid: 7df12b3137af24048afe188ff6dbd3f0, type: 2}
      propertyPath: m_Name
      value: FloorPiece (10)
      objectReference: {fileID: 0}
    m_RemovedComponents: []
  m_ParentPrefab: {fileID: 100100000, guid: 7df12b3137af24048afe188ff6dbd3f0, type: 2}
  m_IsPrefabParent: 0
--- !u!1001 &1303458181
Prefab:
  m_ObjectHideFlags: 0
  serializedVersion: 2
  m_Modification:
    m_TransformParent: {fileID: 850468931}
    m_Modifications:
    - target: {fileID: 408492, guid: 2ccd48327a0b71a4baf61fb826aa5c1a, type: 2}
      propertyPath: m_LocalPosition.x
      value: 0
      objectReference: {fileID: 0}
    - target: {fileID: 408492, guid: 2ccd48327a0b71a4baf61fb826aa5c1a, type: 2}
      propertyPath: m_LocalPosition.y
      value: 0
      objectReference: {fileID: 0}
    - target: {fileID: 408492, guid: 2ccd48327a0b71a4baf61fb826aa5c1a, type: 2}
      propertyPath: m_LocalPosition.z
      value: 0
      objectReference: {fileID: 0}
    - target: {fileID: 408492, guid: 2ccd48327a0b71a4baf61fb826aa5c1a, type: 2}
      propertyPath: m_LocalRotation.x
      value: 0
      objectReference: {fileID: 0}
    - target: {fileID: 408492, guid: 2ccd48327a0b71a4baf61fb826aa5c1a, type: 2}
      propertyPath: m_LocalRotation.y
      value: 0
      objectReference: {fileID: 0}
    - target: {fileID: 408492, guid: 2ccd48327a0b71a4baf61fb826aa5c1a, type: 2}
      propertyPath: m_LocalRotation.z
      value: 0
      objectReference: {fileID: 0}
    - target: {fileID: 408492, guid: 2ccd48327a0b71a4baf61fb826aa5c1a, type: 2}
      propertyPath: m_LocalRotation.w
      value: 1
      objectReference: {fileID: 0}
    - target: {fileID: 408492, guid: 2ccd48327a0b71a4baf61fb826aa5c1a, type: 2}
      propertyPath: m_RootOrder
      value: 2
      objectReference: {fileID: 0}
    m_RemovedComponents: []
  m_ParentPrefab: {fileID: 100100000, guid: 2ccd48327a0b71a4baf61fb826aa5c1a, type: 2}
  m_IsPrefabParent: 0
--- !u!1001 &1356019566
Prefab:
  m_ObjectHideFlags: 0
  serializedVersion: 2
  m_Modification:
    m_TransformParent: {fileID: 850468931}
    m_Modifications:
    - target: {fileID: 439698, guid: 7df12b3137af24048afe188ff6dbd3f0, type: 2}
      propertyPath: m_LocalPosition.x
      value: -2
      objectReference: {fileID: 0}
    - target: {fileID: 439698, guid: 7df12b3137af24048afe188ff6dbd3f0, type: 2}
      propertyPath: m_LocalPosition.y
      value: 0
      objectReference: {fileID: 0}
    - target: {fileID: 439698, guid: 7df12b3137af24048afe188ff6dbd3f0, type: 2}
      propertyPath: m_LocalPosition.z
      value: 0
      objectReference: {fileID: 0}
    - target: {fileID: 439698, guid: 7df12b3137af24048afe188ff6dbd3f0, type: 2}
      propertyPath: m_LocalRotation.x
      value: 0
      objectReference: {fileID: 0}
    - target: {fileID: 439698, guid: 7df12b3137af24048afe188ff6dbd3f0, type: 2}
      propertyPath: m_LocalRotation.y
      value: 0
      objectReference: {fileID: 0}
    - target: {fileID: 439698, guid: 7df12b3137af24048afe188ff6dbd3f0, type: 2}
      propertyPath: m_LocalRotation.z
      value: 0
      objectReference: {fileID: 0}
    - target: {fileID: 439698, guid: 7df12b3137af24048afe188ff6dbd3f0, type: 2}
      propertyPath: m_LocalRotation.w
      value: 1
      objectReference: {fileID: 0}
    - target: {fileID: 439698, guid: 7df12b3137af24048afe188ff6dbd3f0, type: 2}
      propertyPath: m_RootOrder
      value: 0
      objectReference: {fileID: 0}
    m_RemovedComponents: []
  m_ParentPrefab: {fileID: 100100000, guid: 7df12b3137af24048afe188ff6dbd3f0, type: 2}
  m_IsPrefabParent: 0
--- !u!1001 &1435170637
Prefab:
  m_ObjectHideFlags: 0
  serializedVersion: 2
  m_Modification:
    m_TransformParent: {fileID: 850468931}
    m_Modifications:
    - target: {fileID: 459338, guid: c45dfa69c7efc7c49b4547c8cc30c448, type: 2}
      propertyPath: m_LocalPosition.x
      value: 4
      objectReference: {fileID: 0}
    - target: {fileID: 459338, guid: c45dfa69c7efc7c49b4547c8cc30c448, type: 2}
      propertyPath: m_LocalPosition.y
      value: 0.35
      objectReference: {fileID: 0}
    - target: {fileID: 459338, guid: c45dfa69c7efc7c49b4547c8cc30c448, type: 2}
      propertyPath: m_LocalPosition.z
      value: 2
      objectReference: {fileID: 0}
    - target: {fileID: 459338, guid: c45dfa69c7efc7c49b4547c8cc30c448, type: 2}
      propertyPath: m_LocalRotation.x
      value: -0
      objectReference: {fileID: 0}
    - target: {fileID: 459338, guid: c45dfa69c7efc7c49b4547c8cc30c448, type: 2}
      propertyPath: m_LocalRotation.y
      value: -0
      objectReference: {fileID: 0}
    - target: {fileID: 459338, guid: c45dfa69c7efc7c49b4547c8cc30c448, type: 2}
      propertyPath: m_LocalRotation.z
      value: -0
      objectReference: {fileID: 0}
    - target: {fileID: 459338, guid: c45dfa69c7efc7c49b4547c8cc30c448, type: 2}
      propertyPath: m_LocalRotation.w
      value: 1
      objectReference: {fileID: 0}
    - target: {fileID: 459338, guid: c45dfa69c7efc7c49b4547c8cc30c448, type: 2}
      propertyPath: m_RootOrder
      value: 21
      objectReference: {fileID: 0}
    - target: {fileID: 11425306, guid: c45dfa69c7efc7c49b4547c8cc30c448, type: 2}
      propertyPath: health
      value: 1
      objectReference: {fileID: 0}
    m_RemovedComponents: []
  m_ParentPrefab: {fileID: 100100000, guid: c45dfa69c7efc7c49b4547c8cc30c448, type: 2}
  m_IsPrefabParent: 0
--- !u!1001 &1595015256
Prefab:
  m_ObjectHideFlags: 0
  serializedVersion: 2
  m_Modification:
    m_TransformParent: {fileID: 850468931}
    m_Modifications:
    - target: {fileID: 444894, guid: 90c3305437d44a845aa291ce610c5def, type: 2}
      propertyPath: m_LocalPosition.x
      value: 7
      objectReference: {fileID: 0}
    - target: {fileID: 444894, guid: 90c3305437d44a845aa291ce610c5def, type: 2}
      propertyPath: m_LocalPosition.y
      value: 0.91
      objectReference: {fileID: 0}
    - target: {fileID: 444894, guid: 90c3305437d44a845aa291ce610c5def, type: 2}
      propertyPath: m_LocalPosition.z
      value: 0
      objectReference: {fileID: 0}
    - target: {fileID: 444894, guid: 90c3305437d44a845aa291ce610c5def, type: 2}
      propertyPath: m_LocalRotation.x
      value: 0
      objectReference: {fileID: 0}
    - target: {fileID: 444894, guid: 90c3305437d44a845aa291ce610c5def, type: 2}
      propertyPath: m_LocalRotation.y
      value: 0
      objectReference: {fileID: 0}
    - target: {fileID: 444894, guid: 90c3305437d44a845aa291ce610c5def, type: 2}
      propertyPath: m_LocalRotation.z
      value: 0
      objectReference: {fileID: 0}
    - target: {fileID: 444894, guid: 90c3305437d44a845aa291ce610c5def, type: 2}
      propertyPath: m_LocalRotation.w
      value: 1
      objectReference: {fileID: 0}
    - target: {fileID: 444894, guid: 90c3305437d44a845aa291ce610c5def, type: 2}
      propertyPath: m_RootOrder
      value: 4
      objectReference: {fileID: 0}
    - target: {fileID: 163056, guid: 90c3305437d44a845aa291ce610c5def, type: 2}
      propertyPath: m_Layer
      value: 0
      objectReference: {fileID: 0}
    m_RemovedComponents: []
  m_ParentPrefab: {fileID: 100100000, guid: 90c3305437d44a845aa291ce610c5def, type: 2}
  m_IsPrefabParent: 0
--- !u!1001 &1617979447
Prefab:
  m_ObjectHideFlags: 0
  serializedVersion: 2
  m_Modification:
    m_TransformParent: {fileID: 850468931}
    m_Modifications:
    - target: {fileID: 439698, guid: 7df12b3137af24048afe188ff6dbd3f0, type: 2}
      propertyPath: m_LocalPosition.x
      value: 4
      objectReference: {fileID: 0}
    - target: {fileID: 439698, guid: 7df12b3137af24048afe188ff6dbd3f0, type: 2}
      propertyPath: m_LocalPosition.y
      value: 1
      objectReference: {fileID: 0}
    - target: {fileID: 439698, guid: 7df12b3137af24048afe188ff6dbd3f0, type: 2}
      propertyPath: m_LocalPosition.z
      value: 0
      objectReference: {fileID: 0}
    - target: {fileID: 439698, guid: 7df12b3137af24048afe188ff6dbd3f0, type: 2}
      propertyPath: m_LocalRotation.x
      value: -0
      objectReference: {fileID: 0}
    - target: {fileID: 439698, guid: 7df12b3137af24048afe188ff6dbd3f0, type: 2}
      propertyPath: m_LocalRotation.y
      value: -0
      objectReference: {fileID: 0}
    - target: {fileID: 439698, guid: 7df12b3137af24048afe188ff6dbd3f0, type: 2}
      propertyPath: m_LocalRotation.z
      value: -0
      objectReference: {fileID: 0}
    - target: {fileID: 439698, guid: 7df12b3137af24048afe188ff6dbd3f0, type: 2}
      propertyPath: m_LocalRotation.w
      value: 1
      objectReference: {fileID: 0}
    - target: {fileID: 439698, guid: 7df12b3137af24048afe188ff6dbd3f0, type: 2}
      propertyPath: m_RootOrder
      value: 6
      objectReference: {fileID: 0}
    - target: {fileID: 143440, guid: 7df12b3137af24048afe188ff6dbd3f0, type: 2}
      propertyPath: m_Name
      value: FloorPiece (1)
      objectReference: {fileID: 0}
    m_RemovedComponents: []
  m_ParentPrefab: {fileID: 100100000, guid: 7df12b3137af24048afe188ff6dbd3f0, type: 2}
  m_IsPrefabParent: 0
--- !u!1001 &1628322500
Prefab:
  m_ObjectHideFlags: 0
  serializedVersion: 2
  m_Modification:
    m_TransformParent: {fileID: 850468931}
    m_Modifications:
    - target: {fileID: 439698, guid: 7df12b3137af24048afe188ff6dbd3f0, type: 2}
      propertyPath: m_LocalPosition.x
      value: 3
      objectReference: {fileID: 0}
    - target: {fileID: 439698, guid: 7df12b3137af24048afe188ff6dbd3f0, type: 2}
      propertyPath: m_LocalPosition.y
      value: -0
      objectReference: {fileID: 0}
    - target: {fileID: 439698, guid: 7df12b3137af24048afe188ff6dbd3f0, type: 2}
      propertyPath: m_LocalPosition.z
      value: 1
      objectReference: {fileID: 0}
    - target: {fileID: 439698, guid: 7df12b3137af24048afe188ff6dbd3f0, type: 2}
      propertyPath: m_LocalRotation.x
      value: -0
      objectReference: {fileID: 0}
    - target: {fileID: 439698, guid: 7df12b3137af24048afe188ff6dbd3f0, type: 2}
      propertyPath: m_LocalRotation.y
      value: -0
      objectReference: {fileID: 0}
    - target: {fileID: 439698, guid: 7df12b3137af24048afe188ff6dbd3f0, type: 2}
      propertyPath: m_LocalRotation.z
      value: -0
      objectReference: {fileID: 0}
    - target: {fileID: 439698, guid: 7df12b3137af24048afe188ff6dbd3f0, type: 2}
      propertyPath: m_LocalRotation.w
      value: 1
      objectReference: {fileID: 0}
    - target: {fileID: 439698, guid: 7df12b3137af24048afe188ff6dbd3f0, type: 2}
      propertyPath: m_RootOrder
      value: 10
      objectReference: {fileID: 0}
    - target: {fileID: 143440, guid: 7df12b3137af24048afe188ff6dbd3f0, type: 2}
      propertyPath: m_Name
      value: FloorPiece (4)
      objectReference: {fileID: 0}
    m_RemovedComponents: []
  m_ParentPrefab: {fileID: 100100000, guid: 7df12b3137af24048afe188ff6dbd3f0, type: 2}
  m_IsPrefabParent: 0
--- !u!1001 &1718851745
Prefab:
  m_ObjectHideFlags: 0
  serializedVersion: 2
  m_Modification:
    m_TransformParent: {fileID: 850468931}
    m_Modifications:
    - target: {fileID: 449920, guid: 84694bd2b85cbc94ebfbd2bbd84d836e, type: 2}
      propertyPath: m_LocalPosition.x
      value: 5
      objectReference: {fileID: 0}
    - target: {fileID: 449920, guid: 84694bd2b85cbc94ebfbd2bbd84d836e, type: 2}
      propertyPath: m_LocalPosition.y
      value: 1
      objectReference: {fileID: 0}
    - target: {fileID: 449920, guid: 84694bd2b85cbc94ebfbd2bbd84d836e, type: 2}
      propertyPath: m_LocalPosition.z
      value: 3
      objectReference: {fileID: 0}
    - target: {fileID: 449920, guid: 84694bd2b85cbc94ebfbd2bbd84d836e, type: 2}
      propertyPath: m_LocalRotation.x
      value: -0.70710677
      objectReference: {fileID: 0}
    - target: {fileID: 449920, guid: 84694bd2b85cbc94ebfbd2bbd84d836e, type: 2}
      propertyPath: m_LocalRotation.y
      value: 0.7071068
      objectReference: {fileID: 0}
    - target: {fileID: 449920, guid: 84694bd2b85cbc94ebfbd2bbd84d836e, type: 2}
      propertyPath: m_LocalRotation.z
      value: 0.0000006780028
      objectReference: {fileID: 0}
    - target: {fileID: 449920, guid: 84694bd2b85cbc94ebfbd2bbd84d836e, type: 2}
      propertyPath: m_LocalRotation.w
      value: 0.00000049826235
      objectReference: {fileID: 0}
    - target: {fileID: 449920, guid: 84694bd2b85cbc94ebfbd2bbd84d836e, type: 2}
      propertyPath: m_RootOrder
      value: 8
      objectReference: {fileID: 0}
    - target: {fileID: 449920, guid: 84694bd2b85cbc94ebfbd2bbd84d836e, type: 2}
      propertyPath: m_LocalEulerAnglesHint.x
      value: -180
      objectReference: {fileID: 0}
    - target: {fileID: 449920, guid: 84694bd2b85cbc94ebfbd2bbd84d836e, type: 2}
      propertyPath: m_LocalEulerAnglesHint.y
      value: -0.000015258789
      objectReference: {fileID: 0}
    - target: {fileID: 449920, guid: 84694bd2b85cbc94ebfbd2bbd84d836e, type: 2}
      propertyPath: m_LocalEulerAnglesHint.z
      value: -270
      objectReference: {fileID: 0}
    m_RemovedComponents: []
  m_ParentPrefab: {fileID: 100100000, guid: 84694bd2b85cbc94ebfbd2bbd84d836e, type: 2}
  m_IsPrefabParent: 0
--- !u!1001 &1877100030
Prefab:
  m_ObjectHideFlags: 0
  serializedVersion: 2
  m_Modification:
    m_TransformParent: {fileID: 850468931}
    m_Modifications:
    - target: {fileID: 439698, guid: 7df12b3137af24048afe188ff6dbd3f0, type: 2}
      propertyPath: m_LocalPosition.x
      value: 5
      objectReference: {fileID: 0}
    - target: {fileID: 439698, guid: 7df12b3137af24048afe188ff6dbd3f0, type: 2}
      propertyPath: m_LocalPosition.y
      value: 0
      objectReference: {fileID: 0}
    - target: {fileID: 439698, guid: 7df12b3137af24048afe188ff6dbd3f0, type: 2}
      propertyPath: m_LocalPosition.z
      value: 3
      objectReference: {fileID: 0}
    - target: {fileID: 439698, guid: 7df12b3137af24048afe188ff6dbd3f0, type: 2}
      propertyPath: m_LocalRotation.x
      value: -0
      objectReference: {fileID: 0}
    - target: {fileID: 439698, guid: 7df12b3137af24048afe188ff6dbd3f0, type: 2}
      propertyPath: m_LocalRotation.y
      value: -0
      objectReference: {fileID: 0}
    - target: {fileID: 439698, guid: 7df12b3137af24048afe188ff6dbd3f0, type: 2}
      propertyPath: m_LocalRotation.z
      value: -0
      objectReference: {fileID: 0}
    - target: {fileID: 439698, guid: 7df12b3137af24048afe188ff6dbd3f0, type: 2}
      propertyPath: m_LocalRotation.w
      value: 1
      objectReference: {fileID: 0}
    - target: {fileID: 439698, guid: 7df12b3137af24048afe188ff6dbd3f0, type: 2}
      propertyPath: m_RootOrder
      value: 19
      objectReference: {fileID: 0}
    - target: {fileID: 143440, guid: 7df12b3137af24048afe188ff6dbd3f0, type: 2}
      propertyPath: m_Name
      value: FloorPiece (13)
      objectReference: {fileID: 0}
    m_RemovedComponents: []
  m_ParentPrefab: {fileID: 100100000, guid: 7df12b3137af24048afe188ff6dbd3f0, type: 2}
  m_IsPrefabParent: 0
--- !u!1001 &1995669151
Prefab:
  m_ObjectHideFlags: 0
  serializedVersion: 2
  m_Modification:
    m_TransformParent: {fileID: 850468931}
    m_Modifications:
    - target: {fileID: 439698, guid: 7df12b3137af24048afe188ff6dbd3f0, type: 2}
      propertyPath: m_LocalPosition.x
      value: 5
      objectReference: {fileID: 0}
    - target: {fileID: 439698, guid: 7df12b3137af24048afe188ff6dbd3f0, type: 2}
      propertyPath: m_LocalPosition.y
      value: -0
      objectReference: {fileID: 0}
    - target: {fileID: 439698, guid: 7df12b3137af24048afe188ff6dbd3f0, type: 2}
      propertyPath: m_LocalPosition.z
      value: 2
      objectReference: {fileID: 0}
    - target: {fileID: 439698, guid: 7df12b3137af24048afe188ff6dbd3f0, type: 2}
      propertyPath: m_LocalRotation.x
      value: -0
      objectReference: {fileID: 0}
    - target: {fileID: 439698, guid: 7df12b3137af24048afe188ff6dbd3f0, type: 2}
      propertyPath: m_LocalRotation.y
      value: -0
      objectReference: {fileID: 0}
    - target: {fileID: 439698, guid: 7df12b3137af24048afe188ff6dbd3f0, type: 2}
      propertyPath: m_LocalRotation.z
      value: -0
      objectReference: {fileID: 0}
    - target: {fileID: 439698, guid: 7df12b3137af24048afe188ff6dbd3f0, type: 2}
      propertyPath: m_LocalRotation.w
      value: 1
      objectReference: {fileID: 0}
    - target: {fileID: 439698, guid: 7df12b3137af24048afe188ff6dbd3f0, type: 2}
      propertyPath: m_RootOrder
      value: 12
      objectReference: {fileID: 0}
    - target: {fileID: 143440, guid: 7df12b3137af24048afe188ff6dbd3f0, type: 2}
      propertyPath: m_Name
      value: FloorPiece (7)
      objectReference: {fileID: 0}
    m_RemovedComponents: []
  m_ParentPrefab: {fileID: 100100000, guid: 7df12b3137af24048afe188ff6dbd3f0, type: 2}
  m_IsPrefabParent: 0
--- !u!1001 &2015862512
Prefab:
  m_ObjectHideFlags: 0
  serializedVersion: 2
  m_Modification:
    m_TransformParent: {fileID: 0}
    m_Modifications:
    - target: {fileID: 443524, guid: c544e06eb44fab94c88d493acdcc1666, type: 2}
      propertyPath: m_LocalPosition.x
      value: 0
      objectReference: {fileID: 0}
    - target: {fileID: 443524, guid: c544e06eb44fab94c88d493acdcc1666, type: 2}
      propertyPath: m_LocalPosition.y
      value: 0
      objectReference: {fileID: 0}
    - target: {fileID: 443524, guid: c544e06eb44fab94c88d493acdcc1666, type: 2}
      propertyPath: m_LocalPosition.z
      value: 0
      objectReference: {fileID: 0}
    - target: {fileID: 443524, guid: c544e06eb44fab94c88d493acdcc1666, type: 2}
      propertyPath: m_LocalRotation.x
      value: 0
      objectReference: {fileID: 0}
    - target: {fileID: 443524, guid: c544e06eb44fab94c88d493acdcc1666, type: 2}
      propertyPath: m_LocalRotation.y
      value: 0
      objectReference: {fileID: 0}
    - target: {fileID: 443524, guid: c544e06eb44fab94c88d493acdcc1666, type: 2}
      propertyPath: m_LocalRotation.z
      value: 0
      objectReference: {fileID: 0}
    - target: {fileID: 443524, guid: c544e06eb44fab94c88d493acdcc1666, type: 2}
      propertyPath: m_LocalRotation.w
      value: 1
      objectReference: {fileID: 0}
    - target: {fileID: 443524, guid: c544e06eb44fab94c88d493acdcc1666, type: 2}
      propertyPath: m_RootOrder
      value: 1
      objectReference: {fileID: 0}
    - target: {fileID: 126416, guid: c544e06eb44fab94c88d493acdcc1666, type: 2}
      propertyPath: m_Name
      value: GridParent
      objectReference: {fileID: 0}
    m_RemovedComponents: []
  m_ParentPrefab: {fileID: 100100000, guid: c544e06eb44fab94c88d493acdcc1666, type: 2}
  m_IsPrefabParent: 0
--- !u!1001 &2097459870
Prefab:
  m_ObjectHideFlags: 0
  serializedVersion: 2
  m_Modification:
    m_TransformParent: {fileID: 850468931}
    m_Modifications:
    - target: {fileID: 439698, guid: 7df12b3137af24048afe188ff6dbd3f0, type: 2}
      propertyPath: m_LocalPosition.x
      value: 4
      objectReference: {fileID: 0}
    - target: {fileID: 439698, guid: 7df12b3137af24048afe188ff6dbd3f0, type: 2}
      propertyPath: m_LocalPosition.y
      value: 0
      objectReference: {fileID: 0}
    - target: {fileID: 439698, guid: 7df12b3137af24048afe188ff6dbd3f0, type: 2}
      propertyPath: m_LocalPosition.z
      value: 0
      objectReference: {fileID: 0}
    - target: {fileID: 439698, guid: 7df12b3137af24048afe188ff6dbd3f0, type: 2}
      propertyPath: m_LocalRotation.x
      value: -0
      objectReference: {fileID: 0}
    - target: {fileID: 439698, guid: 7df12b3137af24048afe188ff6dbd3f0, type: 2}
      propertyPath: m_LocalRotation.y
      value: -0
      objectReference: {fileID: 0}
    - target: {fileID: 439698, guid: 7df12b3137af24048afe188ff6dbd3f0, type: 2}
      propertyPath: m_LocalRotation.z
      value: -0
      objectReference: {fileID: 0}
    - target: {fileID: 439698, guid: 7df12b3137af24048afe188ff6dbd3f0, type: 2}
      propertyPath: m_LocalRotation.w
      value: 1
      objectReference: {fileID: 0}
    - target: {fileID: 439698, guid: 7df12b3137af24048afe188ff6dbd3f0, type: 2}
      propertyPath: m_RootOrder
      value: 15
      objectReference: {fileID: 0}
    - target: {fileID: 143440, guid: 7df12b3137af24048afe188ff6dbd3f0, type: 2}
      propertyPath: m_Name
      value: FloorPiece (11)
      objectReference: {fileID: 0}
    m_RemovedComponents: []
  m_ParentPrefab: {fileID: 100100000, guid: 7df12b3137af24048afe188ff6dbd3f0, type: 2}
  m_IsPrefabParent: 0
